2822 4786
541 297 749 358 ...41-

95 483 208 548 deinde
228 484 324 546 halus
348 482 506 564 epitomes
524 481 763 567 negligentiam,
784 495 946 568 postremo
962 498 1091 553 ceteros
1107 492 1199 555 locos

93 590 206 652 leviter
226 596 347 652 tantum
369 597 402 652 et
425 588 517 669 quasi
542 607 598 668 per
620 596 840 652 transcursum
864 591 989 675 afferri,
1020 593 1094 660 licet
1115 615 1200 660 con-

93 698 230 767 cludere,
255 715 294 758 ax
319 714 357 758 aa
379 705 470 777 parte
493 693 635 776 ludioou,
662 713 745 776 quae
767 694 809 758 ad
831 701 1008 763 naturalem
1031 700 1196 768 historiam

92 805 241 886 pertinet,
264 803 417 885 pleraque
437 802 620 866 desiderari.

173 910 243 975 Sed
266 911 487 994 copiosissime
509 913 616 994 gentis
633 912 732 976 vitam
748 915 1104 997 moresquaenarravlt,
1125 895 1198 977 sive

91 1035 165 1100 prae
188 1019 304 1082 ceteris
325 1019 409 1082 hanc
430 1027 551 1101 partem
570 1020 736 1102 diligenter
757 1022 961 1103 conscripsit,
983 1023 1055 1084 siva
1073 1041 1115 1085 ex
1132 1023 1195 1086 hac

92 1137 180 1210 parte
210 1127 374 1208 plurimum
402 1127 552 1192 traditum
579 1135 639 1191 est.
690 1128 866 1190 Alexandri
889 1127 1087 1192 Macedones
1115 1131 1197 1192 hano

91 1253 155 1298 rem
182 1251 288 1314 paene
315 1233 487 1298 omiserant
498 1280 509 1317 ,
545 1253 641 1317 quum
663 1234 784 1320 ingenti
808 1253 916 1298 eorum
941 1253 1024 1316 quaa
1046 1236 1197 1299 viderant

93 1342 183 1422 copia
206 1361 245 1404 eo
267 1346 510 1423 pervenissent,
537 1351 572 1405 ut
592 1343 667 1404 nihil
691 1344 845 1424 amplius,
868 1343 929 1404 nisi
950 1344 1029 1407 mira
1052 1353 1085 1406 ct
1105 1347 1197 1406 inso-

93 1451 142 1511 lita
165 1449 394 1528 observarent3
424 1449 584 1529 adquam
615 1465 777 1511 numerum
811 1450 900 1511 solus
928 1450 1103 1514 Nearchus
1134 1471 1197 1514 non

91 1555 236 1637 pertinet,
256 1559 307 1617 vir
322 1554 459 1636 simplex
475 1563 508 1617 et
522 1557 702 1636 perspicax.
744 1553 811 1617 Sed
828 1556 948 1634 primus
962 1557 1197 1639 Megasthenes

92 1683 147 1745 per
176 1681 291 1726 omncs
318 1671 429 1742 partes
455 1663 604 1724 ludorum
634 1662 735 1724 vitam
766 1663 961 1743 perscrutari
988 1663 1129 1745 studuit,
1164 1673 1197 1726 et

92 1772 175 1834 sicut
199 1771 229 1832 in
251 1771 313 1833 hac
333 1790 368 1831 ra
391 1771 450 1832 fuit
472 1771 642 1850 princepe,
670 1770 733 1850 ita,
764 1767 849 1852 quod
878 1751 1037 1851 sciamus,
1067 1771 1196 1832 ultimus

92 1898 217 1962 quoque
237 1879 317 1942 inter
340 1895 454 1940 omues
473 1875 620 1940 Graecos
646 1876 772 1939 lndicas
795 1895 849 1938 res
870 1878 916 1940 ita
943 1876 1129 1961 descripsit,
1161 1889 1197 1944 ut

94 1987 296 2069 erepublica
322 1994 355 2048 et
386 2004 406 2047 a
433 1984 565 2048 deorum
593 1982 682 2045 cultu
703 1999 805 2064 usqua
826 1983 868 2046 ad
889 1986 1034 2068 singulas
1056 2005 1111 2050 res
1133 1987 1195 2050 do-

93 2097 244 2159 mesticas
266 2095 371 2157 omnia
393 2099 616 2176 pertractaret.

170 2203 440 2266 Constitutiouem
460 2201 639 2265 Indicarum
662 2204 798 2266 tribuum
822 2210 901 2287 (qua
922 2223 1007 2267 voce
1023 2205 1191 2267 Lusitani·

94 2327 159 2372 cam
185 2317 277 2372 easta
300 2312 472 2372 transferre
493 2311 606 2386 liceat]
620 2312 793 2376 Alexandri
816 2316 952 2374 comitas
966 2330 1029 2373 non
1047 2311 1194 2374 animari-

92 2420 251 2496 vcrtisso,
281 2426 331 2479 est
359 2417 445 2498 quod
470 2418 636 2500 miremur,
665 2437 759 2500 quum
782 2421 813 2480 in
842 2421 1029 2502 Aegyptum
1059 2419 1195 2502 profecti

95 2526 227 2588 eandem
249 2525 293 2587 ibi
311 2526 500 2590 invenerint.
543 2527 668 2588 Primus
684 2545 755 2590 eam
768 2529 934 2608 perspexit
948 2528 1193 2609 Megasthenes.

94 2633 155 2712 Qui
178 2635 241 2697 loci
262 2635 325 2699 huo
341 2637 510 2715 pertinent,
534 2635 683 2716 leguntur
705 2633 788 2715 apud
804 2635 910 2698 Strab.
924 2633 1192 2712 703-70h707,

95 2744 166 2806 Arr.
187 2743 255 2805 lnd.
278 2741 419 2824 11-12,
444 2739 535 2805 Diod.
554 2743 593 2806 ll.
615 2741 762 2823 tto-nt,
785 2751 818 2803 et
840 2742 891 2822 qui
914 2741 1064 2802 nonnulla
1087 2749 1194 2802 mula-

96 2853 150 2934 vit,
175 2849 258 2932 apud
279 2851 413 2912 Plinium
436 2849 464 2910 h.
487 2870 515 2912 n.
534 2849 593 2910 Vl.
615 2847 666 2910 22.
688 2847 794 2930 2-3.,
818 2859 914 2910 etex
937 2868 974 2911 eo
997 2848 1079 2929 apud
1102 2849 1196 2910 Soli-

94 2979 167 3022 num
188 2959 240 3022 52.
282 2959 400 3042 Neque
423 2958 506 3040 quod
529 2959 686 3036 sciamus,
720 2976 791 3018 eam
819 2957 914 3018 huius
944 2962 990 3019 rei
1012 2960 1193 3042 scientiam,

94 3071 186 3132 cuius
204 3067 438 3150 Megasthenes
453 3068 512 3129 fuit
525 3074 649 3149 auotor,
665 3068 745 3128 ullus
759 3076 873 3148 postea
889 3066 1040 3131 Graecus
1054 3069 1192 3147 scriptor

94 3178 147 3239 vel
170 3173 323 3255 aequavit
344 3172 397 3234 vel
418 3173 571 3244 auxitissl.
775 3182 779 3188 ’
1190 3178 1192 3183 ’

174 3279 410 3366 Megasthenes
431 3279 527 3340 Indos
549 3279 578 3338 in
601 3285 726 3358 'septem
748 3279 903 3355 trihus³⁹)
926 3280 1100 3362 dispositas
1121 3301 1196 3346 esse

94 3391 149 3472 ait,
171 3409 254 3474 quas
274 3387 413 3466 iuhunc
436 3387 561 3460 modum
585 3395 763 3449 enumerat:
1067 3379 1070 3386 ’

108 3561 298 3575 ...ιιι-ειη..-

95 3649 143 3706 88)
160 3647 279 3700 Nonnisi
296 3649 395 3699 leviter
413 3652 440 3699 et
457 3653 572 3701 obscure
590 3653 660 3702 hanc
678 3667 732 3702 rem
750 3654 842 3718 attigit
860 3657 991 3720 l’orplryr.
1009 3653 1193 3706 abst.lV.17.

159 3745 185 3790 et
202 3736 309 3802 Apulej.
326 3741 360 3791 11.
378 3754 405 3802 p.
427 3740 491 3790 lta.
508 3731 616 3804 ¹llipont.

97 3831 143 3895 89)
161 3833 239 3893 Apud
257 3831 417 3880 §hebonem
436 3834 464 3880 et
480 3831 630 3882 Diodorum
648 3833 735 3882 trihus
758 3835 931 3898 appellantur
948 3836 1021 3899 μέρη,
1047 3831 1119 3892 apud
1139 3833 1193 3882 Ατ-

160 3922 263 3972 rianum
281 3925 378 3989 γενεαί,
402 3921 441 3970 ita
463 3926 493 3971 ut
515 3923 566 3972 illa
588 3937 658 3974 voce
681 3929 872 3988 Megasthenes
895 3936 961 3974 rmus
984 3935 1044 3972 essa
1059 3922 1195 3976 videatur.

158 4014 349 4076 Megasthenes
367 4017 467 4076 autem,
484 4026 563 4075 quum
583 4015 668 4065 trihus
686 4023 803 4079 quatuor
821 4016 927 4064 lndloas
945 4020 1098 4080 enarraret,
1115 4017 1142 4066 in
1161 4031 1193 4066 eo

160 4104 272 4168 erravit,
290 4107 362 4166 quod
379 4110 405 4154 et
423 4107 531 4156 Graeca
547 4107 653 4156 ratione
670 4109 747 4157 et-ala
765 4107 831 4154 aula
841 4102 1045 4167 Pait'aliputrioa
1054 4109 1122 4158 hauc
1136 4121 1193 4158 rena

160 4194 347 4254 perlustravit.
390 4196 455 4246 Sina
473 4198 523 4246 hac
540 4197 630 4247 altera
647 4208 732 4246 causa
748 4195 795 4244 vix
812 4195 870 4244 fleri
888 4198 1008 4264 poterat,
1037 4203 1066 4248 ut
1089 4202 1192 4248 sextam

160 4291 186 4332 et
203 4284 343 4348 septimam
361 4285 458 4335 tribum
476 4287 504 4335 iu
519 4286 598 4336 istum
613 4289 910 4350 medunconrponerel.
935 4289 1193 4354 ΙὃοάΜειτιοιίιοιιίε
