<?xml version="1.0" encoding="UTF-8"?>
<!DOCTYPE html PUBLIC "-//W3C//DTD XHTML 1.0 Transitional//EN"
    "http://www.w3.org/TR/xhtml1/DTD/xhtml1-transitional.dtd">
<html xmlns="http://www.w3.org/1999/xhtml" xml:lang="en" lang="en">
 <head>
  <title>
</title>
<meta http-equiv="Content-Type" content="text/html;charset=utf-8" />
  <meta name='ocr-system' content='tesseract 3.04.00' />
  <meta name='ocr-capabilities' content='ocr_page ocr_carea ocr_par ocr_line ocrx_word'/>
</head>
<body>
  <div class='ocr_page' id='page_1' title='image "./demegasthenerer00schwgoog_0049.png"; bbox 0 0 2822 4786; ppageno 0'>
   <div class='ocr_carea' id='block_1_1' title="bbox 640 237 847 296">
    <p class='ocr_par' dir='ltr' id='par_1_1' title="bbox 640 237 847 296">
     <span class='ocr_line' id='line_1_1' title="bbox 640 237 847 296; baseline 0.019 -14"><span class='ocrx_word' id='word_1_1' title='bbox 640 237 847 296; x_wconf 71' lang='lat' dir='ltr'>...affl-</span> 
     </span>
    </p>
   </div>
   <div class='ocr_carea' id='block_1_2' title="bbox 275 401 1299 1581">
    <p class='ocr_par' dir='ltr' id='par_1_2' title="bbox 279 401 1299 592">
     <span class='ocr_line' id='line_1_2' title="bbox 279 401 1299 504; baseline -0.01 -18"><span class='ocrx_word' id='word_1_2' title='bbox 279 423 436 504; x_wconf 77' lang='lat' dir='ltr'>artilopaa</span> <span class='ocrx_word' id='word_1_3' title='bbox 459 412 605 504; x_wconf 73' lang='grc' dir='ltr'><strong><em>(ἵππους</em></strong></span> <span class='ocrx_word' id='word_1_4' title='bbox 630 411 857 501; x_wconf 78' lang='grc' dir='ltr'><strong><em>μονοκέρωτας</em></strong></span> <span class='ocrx_word' id='word_1_5' title='bbox 882 401 1159 502; x_wconf 75' lang='grc' dir='ltr'><strong><em>ἕλαφοκριίνους),</em></strong></span> <span class='ocrx_word' id='word_1_6' title='bbox 1188 415 1299 479; x_wconf 79' lang='lat' dir='ltr'>strab.</span> 
     </span>
     <span class='ocr_line' id='line_1_3' title="bbox 358 528 433 592; baseline 0.027 -2"><span class='ocrx_word' id='word_1_7' title='bbox 358 528 433 592; x_wconf 91' lang='grc'><strong>710.</strong></span> 
     </span>
    </p>

    <p class='ocr_par' dir='ltr' id='par_1_3' title="bbox 278 631 1111 724">
     <span class='ocr_line' id='line_1_4' title="bbox 278 631 1111 724; baseline -0.004 -23"><span class='ocrx_word' id='word_1_8' title='bbox 278 647 467 724; x_wconf 70' lang='lat' dir='ltr'>gymumum</span> <span class='ocrx_word' id='word_1_9' title='bbox 490 637 689 714; x_wconf 64' lang='lat' dir='ltr'>alawicum,</span> <span class='ocrx_word' id='word_1_10' title='bbox 712 635 834 700; x_wconf 82' lang='lat' dir='ltr'>Aelian.</span> <span class='ocrx_word' id='word_1_11' title='bbox 857 634 888 698; x_wconf 79' lang='lat' dir='ltr'>b.</span> <span class='ocrx_word' id='word_1_12' title='bbox 909 652 937 698; x_wconf 85' lang='lat' dir='ltr'>a.</span> <span class='ocrx_word' id='word_1_13' title='bbox 960 632 1052 698; x_wconf 82' lang='lat' dir='ltr'>Vlll.</span> <span class='ocrx_word' id='word_1_14' title='bbox 1074 631 1111 698; x_wconf 70' lang='grc'>7.</span> 
     </span>
    </p>

    <p class='ocr_par' dir='ltr' id='par_1_4' title="bbox 277 738 1297 930">
     <span class='ocr_line' id='line_1_5' title="bbox 277 738 1297 829; baseline -0.005 -21"><span class='ocrx_word' id='word_1_15' title='bbox 277 754 447 829; x_wconf 78' lang='lat' dir='ltr'>serpentes</span> <span class='ocrx_word' id='word_1_16' title='bbox 467 746 685 828; x_wconf 79' lang='lat' dir='ltr'>volucresque</span> <span class='ocrx_word' id='word_1_17' title='bbox 707 747 912 826; x_wconf 82' lang='lat' dir='ltr'>scorpiones,</span> <span class='ocrx_word' id='word_1_18' title='bbox 945 741 1052 805; x_wconf 82' lang='lat' dir='ltr'>Strab.</span> <span class='ocrx_word' id='word_1_19' title='bbox 1074 738 1147 804; x_wconf 74' lang='grc'><strong>703.</strong></span> <span class='ocrx_word' id='word_1_20' title='bbox 1169 739 1297 803; x_wconf 76' lang='lat' dir='ltr'>Aeliae.</span> 
     </span>
     <span class='ocr_line' id='line_1_6' title="bbox 356 852 1241 930; baseline -0.001 -15"><span class='ocrx_word' id='word_1_21' title='bbox 356 852 387 914; x_wconf 90' lang='lat' dir='ltr'>h.</span> <span class='ocrx_word' id='word_1_22' title='bbox 408 873 438 915; x_wconf 84' lang='lat' dir='ltr'>a.</span> <span class='ocrx_word' id='word_1_23' title='bbox 461 853 553 915; x_wconf 83' lang='lat' dir='ltr'>XVl.</span> <span class='ocrx_word' id='word_1_24' title='bbox 575 853 625 914; x_wconf 79' lang='grc'>41.</span> <span class='ocrx_word' id='word_1_25' title='bbox 1224 917 1241 930; x_wconf 61' lang='grc'><em>,</em></span> 
     </span>
    </p>

    <p class='ocr_par' dir='ltr' id='par_1_5' title="bbox 275 955 1298 1134">
     <span class='ocr_line' id='line_1_7' title="bbox 275 955 1298 1040; baseline -0.002 -18"><span class='ocrx_word' id='word_1_26' title='bbox 275 959 369 1024; x_wconf 81' lang='lat' dir='ltr'>boam</span> <span class='ocrx_word' id='word_1_27' title='bbox 391 960 645 1040; x_wconf 78' lang='lat' dir='ltr'>oenatrietorem,</span> <span class='ocrx_word' id='word_1_28' title='bbox 668 957 747 1022; x_wconf 87' lang='lat' dir='ltr'>Plln.</span> <span class='ocrx_word' id='word_1_29' title='bbox 772 957 801 1018; x_wconf 90' lang='lat' dir='ltr'>b.</span> <span class='ocrx_word' id='word_1_30' title='bbox 824 975 854 1018; x_wconf 90' lang='lat' dir='ltr'>n.</span> <span class='ocrx_word' id='word_1_31' title='bbox 875 958 967 1024; x_wconf 86' lang='lat' dir='ltr'>v111.</span> <span class='ocrx_word' id='word_1_32' title='bbox 993 955 1040 1022; x_wconf 78' lang='grc'>14.</span> <span class='ocrx_word' id='word_1_33' title='bbox 1063 957 1103 1040; x_wconf 82' lang='grc'>1.,</span> <span class='ocrx_word' id='word_1_34' title='bbox 1126 958 1227 1024; x_wconf 86' lang='lat' dir='ltr'>Solin.</span> <span class='ocrx_word' id='word_1_35' title='bbox 1245 958 1298 1022; x_wconf 75' lang='lat'>52.</span> 
     </span>
     <span class='ocr_line' id='line_1_8' title="bbox 359 1070 601 1134; baseline -0.017 0"><span class='ocrx_word' id='word_1_36' title='bbox 359 1070 399 1134; x_wconf 81' lang='lat' dir='ltr'>ef.</span> <span class='ocrx_word' id='word_1_37' title='bbox 421 1071 525 1134; x_wconf 87' lang='lat' dir='ltr'>Strab.</span> <span class='ocrx_word' id='word_1_38' title='bbox 548 1070 601 1132; x_wconf 90' lang='grc'>70.</span> 
     </span>
    </p>

    <p class='ocr_par' dir='ltr' id='par_1_6' title="bbox 278 1177 1299 1475">
     <span class='ocr_line' id='line_1_9' title="bbox 278 1177 1297 1264; baseline -0.002 -20"><span class='ocrx_word' id='word_1_39' title='bbox 278 1182 434 1245; x_wconf 87' lang='lat' dir='ltr'>eoaolram</span> <span class='ocrx_word' id='word_1_40' title='bbox 469 1179 733 1264; x_wconf 82' lang='lat' dir='ltr'>margaritiferam</span> <span class='ocrx_word' id='word_1_41' title='bbox 749 1179 814 1259; x_wconf 79' lang='lat'>³⁶),</span> <span class='ocrx_word' id='word_1_42' title='bbox 852 1178 986 1260; x_wconf 80' lang='lat' dir='ltr'>eiusque</span> <span class='ocrx_word' id='word_1_43' title='bbox 1017 1185 1192 1260; x_wconf 78' lang='lat' dir='ltr'>venatum,</span> <span class='ocrx_word' id='word_1_44' title='bbox 1225 1177 1297 1242; x_wconf 84' lang='lat' dir='ltr'>Arr.</span> 
     </span>
     <span class='ocr_line' id='line_1_10' title="bbox 363 1282 1299 1366; baseline -0.004 -18"><span class='ocrx_word' id='word_1_45' title='bbox 363 1285 429 1348; x_wconf 87' lang='lat' dir='ltr'>lud.</span> <span class='ocrx_word' id='word_1_46' title='bbox 452 1286 482 1347; x_wconf 85' lang='grc'>8.</span> <span class='ocrx_word' id='word_1_47' title='bbox 504 1283 636 1366; x_wconf 82' lang='grc'><strong>8-13,,</strong></span> <span class='ocrx_word' id='word_1_48' title='bbox 658 1301 763 1365; x_wconf 88' lang='lat' dir='ltr'>nequo</span> <span class='ocrx_word' id='word_1_49' title='bbox 783 1283 993 1364; x_wconf 83' lang='lat' dir='ltr'>&#39;l&#39;aprobanen</span> <span class='ocrx_word' id='word_1_50' title='bbox 1015 1283 1085 1345; x_wconf 79' lang='lat' dir='ltr'>eius</span> <span class='ocrx_word' id='word_1_51' title='bbox 1107 1282 1299 1346; x_wconf 86' lang='lat' dir='ltr'>uberrimam</span> 
     </span>
     <span class='ocr_line' id='line_1_11' title="bbox 359 1390 1011 1475; baseline -0.008 -19"><span class='ocrx_word' id='word_1_52' title='bbox 359 1413 434 1458; x_wconf 83' lang='lat' dir='ltr'>esse</span> <span class='ocrx_word' id='word_1_53' title='bbox 455 1395 592 1475; x_wconf 84' lang='lat' dir='ltr'>ignorat,</span> <span class='ocrx_word' id='word_1_54' title='bbox 616 1394 699 1457; x_wconf 89' lang='lat' dir='ltr'>Plln.</span> <span class='ocrx_word' id='word_1_55' title='bbox 721 1393 754 1456; x_wconf 86' lang='lat' dir='ltr'>lr.</span> <span class='ocrx_word' id='word_1_56' title='bbox 774 1411 803 1452; x_wconf 83' lang='lat' dir='ltr'>n.</span> <span class='ocrx_word' id='word_1_57' title='bbox 826 1390 885 1454; x_wconf 90' lang='lat' dir='ltr'>Vl.</span> <span class='ocrx_word' id='word_1_58' title='bbox 908 1392 960 1457; x_wconf 70' lang='lat'>24.</span> <span class='ocrx_word' id='word_1_59' title='bbox 985 1390 1011 1452; x_wconf 92' lang='grc'>1.</span> 
     </span>
    </p>

    <p class='ocr_par' dir='ltr' id='par_1_7' title="bbox 276 1497 1296 1581">
     <span class='ocr_line' id='line_1_12' title="bbox 276 1497 1296 1581; baseline -0.005 -15"><span class='ocrx_word' id='word_1_60' title='bbox 276 1503 427 1566; x_wconf 83' lang='lat' dir='ltr'>lormieas</span> <span class='ocrx_word' id='word_1_61' title='bbox 449 1523 559 1567; x_wconf 91' lang='lat' dir='ltr'>aurum</span> <span class='ocrx_word' id='word_1_62' title='bbox 582 1501 784 1581; x_wconf 79' lang='lat' dir='ltr'>effodientes,</span> <span class='ocrx_word' id='word_1_63' title='bbox 807 1498 848 1561; x_wconf 84' lang='lat' dir='ltr'>de</span> <span class='ocrx_word' id='word_1_64' title='bbox 866 1498 980 1580; x_wconf 87' lang='lat' dir='ltr'>quibus</span> <span class='ocrx_word' id='word_1_65' title='bbox 995 1498 1078 1560; x_wconf 82' lang='lat' dir='ltr'>infra</span> <span class='ocrx_word' id='word_1_66' title='bbox 1093 1497 1296 1562; x_wconf 77' lang='lat' dir='ltr'>disseremua</span> 
     </span>
    </p>
   </div>
   <div class='ocr_carea' id='block_1_3' title="bbox 192 1615 1298 2462">
    <p class='ocr_par' dir='ltr' id='par_1_8' title="bbox 192 1615 1298 2462">
     <span class='ocr_line' id='line_1_13' title="bbox 277 1615 1298 1706; baseline -0.002 -16"><span class='ocrx_word' id='word_1_67' title='bbox 277 1627 331 1690; x_wconf 79' lang='lat' dir='ltr'>llx</span> <span class='ocrx_word' id='word_1_68' title='bbox 357 1631 492 1692; x_wconf 82' lang='lat' dir='ltr'>metallis</span> <span class='ocrx_word' id='word_1_69' title='bbox 521 1632 603 1695; x_wconf 87' lang='lat' dir='ltr'>haee</span> <span class='ocrx_word' id='word_1_70' title='bbox 632 1631 663 1691; x_wconf 92' lang='lat' dir='ltr'>in</span> <span class='ocrx_word' id='word_1_71' title='bbox 693 1628 784 1690; x_wconf 80' lang='lat' dir='ltr'><strong>India</strong></span> <span class='ocrx_word' id='word_1_72' title='bbox 812 1625 945 1689; x_wconf 86' lang='lat' dir='ltr'>inveniri</span> <span class='ocrx_word' id='word_1_73' title='bbox 975 1627 1065 1692; x_wconf 88' lang='lat' dir='ltr'>dieit:</span> <span class='ocrx_word' id='word_1_74' title='bbox 1109 1615 1213 1700; x_wconf 81' lang='grc' dir='ltr'><strong><em>πολύς</em></strong></span> <span class='ocrx_word' id='word_1_75' title='bbox 1238 1623 1298 1706; x_wconf 83' lang='grc' dir='ltr'>μὲν</span> 
     </span>
     <span class='ocr_line' id='line_1_14' title="bbox 192 1721 1296 1820; baseline -0.005 -23"><span class='ocrx_word' id='word_1_76' title='bbox 192 1723 333 1820; x_wconf 79' lang='grc' dir='ltr'><strong><em>ὂίργυρσς</em></strong></span> <span class='ocrx_word' id='word_1_77' title='bbox 355 1730 411 1797; x_wconf 87' lang='grc' dir='ltr'>καί</span> <span class='ocrx_word' id='word_1_78' title='bbox 431 1724 560 1820; x_wconf 76' lang='grc' dir='ltr'><strong><em>χρυσὸς,</em></strong></span> <span class='ocrx_word' id='word_1_79' title='bbox 582 1724 641 1796; x_wconf 79' lang='grc' dir='ltr'>οὐκ</span> <span class='ocrx_word' id='word_1_80' title='bbox 662 1724 771 1818; x_wconf 82' lang='grc' dir='ltr'><strong><em>ὀλίγος</em></strong></span> <span class='ocrx_word' id='word_1_81' title='bbox 792 1728 829 1796; x_wconf 77' lang='grc' dir='ltr'>δὲ</span> <span class='ocrx_word' id='word_1_82' title='bbox 851 1721 971 1810; x_wconf 75' lang='grc' dir='ltr'><strong><em>χαλκὸς</em></strong></span> <span class='ocrx_word' id='word_1_83' title='bbox 990 1727 1045 1794; x_wconf 82' lang='grc' dir='ltr'>καί</span> <span class='ocrx_word' id='word_1_84' title='bbox 1067 1725 1223 1816; x_wconf 77' lang='grc' dir='ltr'><strong><em>σίδηρος,</em></strong></span> <span class='ocrx_word' id='word_1_85' title='bbox 1247 1723 1296 1794; x_wconf 64' lang='lat' dir='ltr'>aba</span> 
     </span>
     <span class='ocr_line' id='line_1_15' title="bbox 194 1829 1297 1928; baseline -0.001 -26"><span class='ocrx_word' id='word_1_86' title='bbox 194 1837 232 1904; x_wconf 79' lang='grc' dir='ltr'>δὲ</span> <span class='ocrx_word' id='word_1_87' title='bbox 253 1837 446 1928; x_wconf 79' lang='grc' dir='ltr'><strong><em>κασσίτερος</em></strong></span> <span class='ocrx_word' id='word_1_88' title='bbox 466 1840 521 1904; x_wconf 85' lang='grc' dir='ltr'>καί</span> <span class='ocrx_word' id='word_1_89' title='bbox 541 1832 646 1904; x_wconf 70' lang='lat' dir='ltr'>vitto</span> <span class='ocrx_word' id='word_1_90' title='bbox 664 1833 706 1905; x_wconf 75' lang='grc' dir='ltr'>τοί</span> <span class='ocrx_word' id='word_1_91' title='bbox 727 1831 814 1928; x_wconf 76' lang='grc' dir='ltr'><strong><em>πρός</em></strong></span> <span class='ocrx_word' id='word_1_92' title='bbox 836 1829 958 1920; x_wconf 81' lang='grc' dir='ltr'><strong><em>κόσμον</em></strong></span> <span class='ocrx_word' id='word_1_93' title='bbox 977 1861 1015 1903; x_wconf 85' lang='grc' dir='ltr'>τε</span> <span class='ocrx_word' id='word_1_94' title='bbox 1037 1836 1092 1902; x_wconf 85' lang='grc' dir='ltr'><strong><em>καὶ</em></strong></span> <span class='ocrx_word' id='word_1_95' title='bbox 1113 1834 1226 1925; x_wconf 79' lang='grc' dir='ltr'><strong><em>χρείαν</em></strong></span> <span class='ocrx_word' id='word_1_96' title='bbox 1243 1835 1297 1901; x_wconf 80' lang='grc' dir='ltr'>καί</span> 
     </span>
     <span class='ocr_line' id='line_1_16' title="bbox 195 1937 1298 2035; baseline 0.002 -27"><span class='ocrx_word' id='word_1_97' title='bbox 195 1937 376 2032; x_wconf 73' lang='grc' dir='ltr'><strong><em>πολεμικήν</em></strong></span> <span class='ocrx_word' id='word_1_98' title='bbox 398 1938 607 2035; x_wconf 79' lang='grc' dir='ltr'><strong><em>παρασκεοήν</em></strong></span> <span class='ocrx_word' id='word_1_99' title='bbox 627 1937 793 2034; x_wconf 73' lang='grc' dir='ltr'><strong><em>ἀνήκοντα.</em></strong></span> <span class='ocrx_word' id='word_1_100' title='bbox 816 1947 1033 2014; x_wconf 71' lang='lat' dir='ltr'>boullae.</span> <span class='ocrx_word' id='word_1_101' title='bbox 1055 1949 1215 2012; x_wconf 81' lang='lat' dir='ltr'>Strabone</span> <span class='ocrx_word' id='word_1_102' title='bbox 1237 1966 1298 2010; x_wconf 91' lang='lat' dir='ltr'>au·</span> 
     </span>
     <span class='ocr_line' id='line_1_17' title="bbox 193 2047 1298 2143; baseline 0.002 -25"><span class='ocrx_word' id='word_1_103' title='bbox 193 2065 283 2120; x_wconf 84' lang='lat' dir='ltr'>olore</span> <span class='ocrx_word' id='word_1_104' title='bbox 319 2061 509 2120; x_wconf 82' lang='lat' dir='ltr'>memoravit</span> <span class='ocrx_word' id='word_1_105' title='bbox 545 2060 642 2122; x_wconf 88' lang='lat' dir='ltr'>etiam</span> <span class='ocrx_word' id='word_1_106' title='bbox 676 2053 794 2130; x_wconf 75' lang='grc' dir='ltr'><strong><em>λίθους</em></strong></span> <span class='ocrx_word' id='word_1_107' title='bbox 823 2047 1050 2142; x_wconf 81' lang='grc' dir='ltr'><strong><em>λιβανόχρους,</em></strong></span> <span class='ocrx_word' id='word_1_108' title='bbox 1083 2053 1298 2143; x_wconf 80' lang='grc' dir='ltr'><strong><em>γλυκυιέρσυς</em></strong></span> 
     </span>
     <span class='ocr_line' id='line_1_18' title="bbox 193 2155 1296 2252; baseline -0.001 -23"><span class='ocrx_word' id='word_1_109' title='bbox 193 2155 298 2230; x_wconf 76' lang='grc' dir='ltr'><strong><em>σύκων</em></strong></span> <span class='ocrx_word' id='word_1_110' title='bbox 318 2159 341 2252; x_wconf 82' lang='grc' dir='ltr'><em>ἢ</em></span> <span class='ocrx_word' id='word_1_111' title='bbox 361 2163 502 2248; x_wconf 78' lang='grc' dir='ltr'>μέλιτος.</span> <span class='ocrx_word' id='word_1_112' title='bbox 526 2171 633 2232; x_wconf 90' lang='lat' dir='ltr'>Strab.</span> <span class='ocrx_word' id='word_1_113' title='bbox 654 2168 728 2231; x_wconf 87' lang='grc'><strong>709.</strong></span> <span class='ocrx_word' id='word_1_114' title='bbox 771 2168 821 2229; x_wconf 83' lang='grc' dir='ltr'><strong><em>οο</em></strong></span> <span class='ocrx_word' id='word_1_115' title='bbox 843 2186 919 2228; x_wconf 89' lang='lat' dir='ltr'>auro</span> <span class='ocrx_word' id='word_1_116' title='bbox 942 2169 1048 2248; x_wconf 85' lang='lat' dir='ltr'>plures</span> <span class='ocrx_word' id='word_1_117' title='bbox 1068 2166 1129 2228; x_wconf 86' lang='lat' dir='ltr'>loci</span> <span class='ocrx_word' id='word_1_118' title='bbox 1151 2165 1296 2228; x_wconf 83' lang='lat' dir='ltr'>afferun-</span> 
     </span>
     <span class='ocr_line' id='line_1_19' title="bbox 193 2275 1297 2358; baseline 0.005 -22"><span class='ocrx_word' id='word_1_119' title='bbox 193 2277 266 2346; x_wconf 66' lang='lat' dir='ltr'>turrf</span> <span class='ocrx_word' id='word_1_120' title='bbox 278 2275 361 2337; x_wconf 91' lang='lat' dir='ltr'>aliud</span> <span class='ocrx_word' id='word_1_121' title='bbox 378 2275 477 2338; x_wconf 84' lang='lat' dir='ltr'>effodi</span> <span class='ocrx_word' id='word_1_122' title='bbox 494 2278 582 2351; x_wconf 83' lang='lat' dir='ltr'>(Arr.</span> <span class='ocrx_word' id='word_1_123' title='bbox 598 2277 665 2339; x_wconf 89' lang='lat' dir='ltr'>lud.</span> <span class='ocrx_word' id='word_1_124' title='bbox 681 2277 711 2342; x_wconf 83' lang='grc'>8.</span> <span class='ocrx_word' id='word_1_125' title='bbox 729 2276 804 2358; x_wconf 85' lang='grc'><strong>13.),</strong></span> <span class='ocrx_word' id='word_1_126' title='bbox 827 2276 908 2338; x_wconf 88' lang='lat' dir='ltr'>aliud</span> <span class='ocrx_word' id='word_1_127' title='bbox 924 2275 1065 2338; x_wconf 83' lang='lat' dir='ltr'>iormieis</span> <span class='ocrx_word' id='word_1_128' title='bbox 1081 2276 1157 2356; x_wconf 84' lang='lat' dir='ltr'>eripi</span> <span class='ocrx_word' id='word_1_129' title='bbox 1172 2277 1297 2347; x_wconf 82' lang='lat' dir='ltr'>(Strab.</span> 
     </span>
     <span class='ocr_line' id='line_1_20' title="bbox 193 2380 1297 2462; baseline -0.002 -18"><span class='ocrx_word' id='word_1_130' title='bbox 193 2381 293 2462; x_wconf 71' lang='grc'><strong>700),</strong></span> <span class='ocrx_word' id='word_1_131' title='bbox 317 2381 402 2444; x_wconf 90' lang='lat' dir='ltr'>aliud</span> <span class='ocrx_word' id='word_1_132' title='bbox 423 2383 453 2443; x_wconf 93' lang='lat' dir='ltr'>in</span> <span class='ocrx_word' id='word_1_133' title='bbox 475 2383 652 2444; x_wconf 85' lang='lat' dir='ltr'>fluminibus</span> <span class='ocrx_word' id='word_1_134' title='bbox 675 2382 821 2446; x_wconf 81' lang='lat' dir='ltr'>auriferis</span> <span class='ocrx_word' id='word_1_135' title='bbox 842 2383 977 2445; x_wconf 85' lang='lat' dir='ltr'>inveniri</span> <span class='ocrx_word' id='word_1_136' title='bbox 986 2385 1033 2457; x_wconf 80' lang='lat'>³⁷)</span> <span class='ocrx_word' id='word_1_137' title='bbox 1050 2381 1175 2458; x_wconf 82' lang='lat' dir='ltr'>(Strab.</span> <span class='ocrx_word' id='word_1_138' title='bbox 1187 2380 1297 2461; x_wconf 80' lang='lat'><strong>711.];</strong></span> 
     </span>
    </p>
   </div>
   <div class='ocr_carea' id='block_1_4' title="bbox 194 2491 1296 2701">
    <p class='ocr_par' dir='ltr' id='par_1_9' title="bbox 194 2491 1296 2701">
     <span class='ocr_line' id='line_1_21' title="bbox 194 2491 817 2577; baseline 0.005 -24"><span class='ocrx_word' id='word_1_139' title='bbox 194 2492 266 2554; x_wconf 85' lang='lat' dir='ltr'>eius</span> <span class='ocrx_word' id='word_1_140' title='bbox 288 2491 477 2556; x_wconf 81' lang='lat' dir='ltr'>uberrimam</span> <span class='ocrx_word' id='word_1_141' title='bbox 499 2512 574 2557; x_wconf 86' lang='lat' dir='ltr'>esse</span> <span class='ocrx_word' id='word_1_142' title='bbox 596 2495 817 2577; x_wconf 77' lang='lat' dir='ltr'>Taprobanen.</span> 
     </span>
     <span class='ocr_line' id='line_1_22' title="bbox 278 2615 1296 2701; baseline 0.003 -23"><span class='ocrx_word' id='word_1_143' title='bbox 278 2617 315 2679; x_wconf 86' lang='lat' dir='ltr'>Si</span> <span class='ocrx_word' id='word_1_144' title='bbox 339 2619 537 2701; x_wconf 75' lang='lat' dir='ltr'>eogitamuS,</span> <span class='ocrx_word' id='word_1_145' title='bbox 560 2627 708 2700; x_wconf 91' lang='lat' dir='ltr'>quautam</span> <span class='ocrx_word' id='word_1_146' title='bbox 733 2620 889 2682; x_wconf 83' lang='lat' dir='ltr'>fructuum</span> <span class='ocrx_word' id='word_1_147' title='bbox 913 2618 1040 2698; x_wconf 82' lang='lat' dir='ltr'>copiam</span> <span class='ocrx_word' id='word_1_148' title='bbox 1061 2615 1152 2680; x_wconf 87' lang='lat' dir='ltr'>India</span> <span class='ocrx_word' id='word_1_149' title='bbox 1172 2617 1296 2700; x_wconf 84' lang='lat' dir='ltr'>gignet,</span> 
     </span>
    </p>
   </div>
   <div class='ocr_carea' id='block_1_5' title="bbox 194 2715 1326 2806">
    <p class='ocr_par' dir='ltr' id='par_1_10' title="bbox 194 2715 1326 2806">
     <span class='ocr_line' id='line_1_23' title="bbox 194 2715 1326 2806; baseline 0 -21"><span class='ocrx_word' id='word_1_150' title='bbox 194 2733 312 2806; x_wconf 89' lang='lat' dir='ltr'>quanta</span> <span class='ocrx_word' id='word_1_151' title='bbox 341 2724 547 2787; x_wconf 82' lang='lat' dir='ltr'>admiratione</span> <span class='ocrx_word' id='word_1_152' title='bbox 575 2725 774 2788; x_wconf 81' lang='lat' dir='ltr'>Macedones</span> <span class='ocrx_word' id='word_1_153' title='bbox 808 2743 877 2786; x_wconf 87' lang='lat' dir='ltr'>eam</span> <span class='ocrx_word' id='word_1_154' title='bbox 913 2715 1132 2806; x_wconf 78' lang='lat' dir='ltr'>speetaueriut</span> <span class='ocrx_word' id='word_1_155' title='bbox 1165 2735 1198 2786; x_wconf 87' lang='lat' dir='ltr'>et</span> <span class='ocrx_word' id='word_1_156' title='bbox 1226 2726 1296 2805; x_wconf 86' lang='lat' dir='ltr'>ipso</span> <span class='ocrx_word' id='word_1_157' title='bbox 1323 2721 1326 2724; x_wconf 75' lang='grc'><strong>’</strong></span> 
     </span>
    </p>
   </div>
   <div class='ocr_carea' id='block_1_6' title="bbox 193 2830 1298 3130">
    <p class='ocr_par' dir='ltr' id='par_1_11' title="bbox 193 2830 1298 3130">
     <span class='ocr_line' id='line_1_24' title="bbox 195 2830 1298 2914; baseline -0.002 -20"><span class='ocrx_word' id='word_1_158' title='bbox 195 2830 453 2912; x_wconf 72' lang='lat' dir='ltr'>MegastheneS,</span> <span class='ocrx_word' id='word_1_159' title='bbox 482 2838 517 2892; x_wconf 93' lang='lat' dir='ltr'>ut</span> <span class='ocrx_word' id='word_1_160' title='bbox 544 2830 625 2892; x_wconf 90' lang='lat' dir='ltr'>adeo</span> <span class='ocrx_word' id='word_1_161' title='bbox 647 2851 690 2892; x_wconf 84' lang='lat' dir='ltr'>ex</span> <span class='ocrx_word' id='word_1_162' title='bbox 710 2832 801 2892; x_wconf 91' lang='lat' dir='ltr'>brevi</span> <span class='ocrx_word' id='word_1_163' title='bbox 822 2831 953 2893; x_wconf 90' lang='lat' dir='ltr'>Diodori</span> <span class='ocrx_word' id='word_1_164' title='bbox 975 2835 1028 2906; x_wconf 94' lang='lat' dir='ltr'>(ll.</span> <span class='ocrx_word' id='word_1_165' title='bbox 1049 2832 1204 2904; x_wconf 80' lang='lat'><strong>35-36.)</strong></span> <span class='ocrx_word' id='word_1_166' title='bbox 1226 2833 1298 2914; x_wconf 86' lang='lat' dir='ltr'>epl-</span> 
     </span>
     <span class='ocr_line' id='line_1_25' title="bbox 195 2937 1296 3021; baseline -0.001 -20"><span class='ocrx_word' id='word_1_167' title='bbox 195 2945 280 3001; x_wconf 89' lang='lat' dir='ltr'>tome</span> <span class='ocrx_word' id='word_1_168' title='bbox 300 2939 380 2999; x_wconf 90' lang='lat' dir='ltr'>satis</span> <span class='ocrx_word' id='word_1_169' title='bbox 409 2945 564 3021; x_wconf 67' lang='lat' dir='ltr'>apparot‚‘</span> <span class='ocrx_word' id='word_1_170' title='bbox 588 2937 617 2999; x_wconf 90' lang='lat' dir='ltr'>si</span> <span class='ocrx_word' id='word_1_171' title='bbox 646 2937 811 3000; x_wconf 87' lang='lat' dir='ltr'>adiioimus</span> <span class='ocrx_word' id='word_1_172' title='bbox 841 2939 921 3001; x_wconf 77' lang='lat' dir='ltr'>liano</span> <span class='ocrx_word' id='word_1_173' title='bbox 944 2941 1076 3002; x_wconf 85' lang='lat' dir='ltr'>Diodori</span> <span class='ocrx_word' id='word_1_174' title='bbox 1107 2941 1296 3002; x_wconf 83' lang='lat' dir='ltr'>sententiam</span> 
     </span>
     <span class='ocr_line' id='line_1_26' title="bbox 193 3033 1298 3130; baseline -0.002 -22"><span class='ocrx_word' id='word_1_175' title='bbox 193 3045 317 3111; x_wconf 78' lang='lat'><strong>11.36.:</strong></span> <span class='ocrx_word' id='word_1_176' title='bbox 340 3033 399 3106; x_wconf 79' lang='grc' dir='ltr'>οὐκ</span> <span class='ocrx_word' id='word_1_177' title='bbox 421 3033 549 3128; x_wconf 81' lang='grc' dir='ltr'><strong><em>ὀλίγους</em></strong></span> <span class='ocrx_word' id='word_1_178' title='bbox 571 3039 608 3106; x_wconf 79' lang='grc' dir='ltr'>δὲ</span> <span class='ocrx_word' id='word_1_179' title='bbox 626 3038 681 3106; x_wconf 86' lang='grc' dir='ltr'><strong><em>καὶ</em></strong></span> <span class='ocrx_word' id='word_1_180' title='bbox 695 3033 814 3119; x_wconf 74' lang='grc' dir='ltr'><strong><em>ἄλλους</em></strong></span> <span class='ocrx_word' id='word_1_181' title='bbox 831 3039 1015 3126; x_wconf 77' lang='grc' dir='ltr'><em>ἐδωδίμους</em></span> <span class='ocrx_word' id='word_1_182' title='bbox 1030 3034 1175 3130; x_wconf 79' lang='grc' dir='ltr'><strong><em>καρπούς</em></strong></span> <span class='ocrx_word' id='word_1_183' title='bbox 1190 3039 1298 3130; x_wconf 83' lang='grc' dir='ltr'><strong><em>φέρει,</em></strong></span> 
     </span>
    </p>
   </div>
   <div class='ocr_carea' id='block_1_7' title="bbox 195 3147 1297 3248">
    <p class='ocr_par' dir='ltr' id='par_1_12' title="bbox 195 3147 1297 3248">
     <span class='ocr_line' id='line_1_27' title="bbox 195 3147 1297 3248; baseline -0.001 -27"><span class='ocrx_word' id='word_1_184' title='bbox 195 3155 391 3241; x_wconf 80' lang='grc' dir='ltr'><strong><em>δυναμένους</em></strong></span> <span class='ocrx_word' id='word_1_185' title='bbox 408 3157 541 3248; x_wconf 78' lang='grc' dir='ltr'><strong><em>τρέφειν</em></strong></span> <span class='ocrx_word' id='word_1_186' title='bbox 555 3155 634 3240; x_wconf 81' lang='grc' dir='ltr'><strong><em>ζῶα,</em></strong></span> <span class='ocrx_word' id='word_1_187' title='bbox 655 3155 735 3245; x_wconf 81' lang='grc' dir='ltr'><strong><em>περὶ</em></strong></span> <span class='ocrx_word' id='word_1_188' title='bbox 750 3147 795 3222; x_wconf 80' lang='grc' dir='ltr'>ὧν</span> <span class='ocrx_word' id='word_1_189' title='bbox 814 3149 971 3248; x_wconf 79' lang='grc' dir='ltr'><strong><em>μακρὸν</em></strong></span> <span class='ocrx_word' id='word_1_190' title='bbox 992 3149 1014 3222; x_wconf 70' lang='lat' dir='ltr'>ri</span> <span class='ocrx_word' id='word_1_191' title='bbox 1022 3182 1038 3222; x_wconf 95' lang='grc' dir='ltr'><strong><em>ν</em></strong></span> <span class='ocrx_word' id='word_1_192' title='bbox 1059 3159 1099 3222; x_wconf 81' lang='grc' dir='ltr'>εἴ</span> <span class='ocrx_word' id='word_1_193' title='bbox 1107 3182 1126 3246; x_wconf 83' lang='grc' dir='ltr'>νγ</span> <span class='ocrx_word' id='word_1_194' title='bbox 1147 3147 1297 3246; x_wconf 77' lang='grc' dir='ltr'><strong><em>γράφειν,</em></strong></span> 
     </span>
    </p>
   </div>
   <div class='ocr_carea' id='block_1_8' title="bbox 198 3387 1387 3565">
    <p class='ocr_par' dir='ltr' id='par_1_13' title="bbox 198 3387 1387 3565">
     <span class='ocr_line' id='line_1_28' title="bbox 198 3387 1387 3479; baseline 0.004 -23"><span class='ocrx_word' id='word_1_195' title='bbox 198 3407 250 3466; x_wconf 76' lang='grc'>86)</span> <span class='ocrx_word' id='word_1_196' title='bbox 268 3407 301 3456; x_wconf 77' lang='lat' dir='ltr'>ll.</span> <span class='ocrx_word' id='word_1_197' title='bbox 319 3405 340 3456; x_wconf 89' lang='lat' dir='ltr'>l.</span> <span class='ocrx_word' id='word_1_198' title='bbox 358 3404 437 3455; x_wconf 80' lang='lat' dir='ltr'>ettam</span> <span class='ocrx_word' id='word_1_199' title='bbox 448 3407 498 3456; x_wconf 83' lang='lat' dir='ltr'>boc</span> <span class='ocrx_word' id='word_1_200' title='bbox 506 3406 624 3470; x_wconf 78' lang='lat' dir='ltr'>legitur:</span> <span class='ocrx_word' id='word_1_201' title='bbox 644 3411 795 3476; x_wconf 73' lang='grc' dir='ltr'>μαργαρίτην</span> <span class='ocrx_word' id='word_1_202' title='bbox 813 3441 854 3450; x_wconf 86' lang='grc'>--</span> <span class='ocrx_word' id='word_1_203' title='bbox 871 3405 937 3460; x_wconf 69' lang='grc' dir='ltr'><strong><em>οὕτω</em></strong></span> <span class='ocrx_word' id='word_1_204' title='bbox 955 3415 984 3476; x_wconf 69' lang='grc' dir='ltr'>τῇ</span> <span class='ocrx_word' id='word_1_205' title='bbox 998 3406 1084 3462; x_wconf 77' lang='grc' dir='ltr'><strong><em>Ἰνδῶν</em></strong></span> <span class='ocrx_word' id='word_1_206' title='bbox 1101 3409 1193 3479; x_wconf 71' lang='grc' dir='ltr'><strong><em>γλώσσῃ</em></strong></span> <span class='ocrx_word' id='word_1_207' title='bbox 1210 3407 1300 3460; x_wconf 66' lang='lat' dir='ltr'>reuire-</span> <span class='ocrx_word' id='word_1_208' title='bbox 1386 3387 1387 3424; x_wconf 23' lang='grc' dir='ltr'><em>ί</em></span> 
     </span>
     <span class='ocr_line' id='line_1_29' title="bbox 261 3497 1387 3565; baseline 0.004 -21"><span class='ocrx_word' id='word_1_209' title='bbox 261 3513 349 3560; x_wconf 79' lang='grc' dir='ltr'><strong><em>μενον.</em></strong></span> <span class='ocrx_word' id='word_1_210' title='bbox 394 3497 466 3546; x_wconf 86' lang='lat' dir='ltr'>Idem</span> <span class='ocrx_word' id='word_1_211' title='bbox 488 3499 619 3549; x_wconf 82' lang='lat' dir='ltr'>retulerat</span> <span class='ocrx_word' id='word_1_212' title='bbox 643 3498 746 3550; x_wconf 80' lang='lat' dir='ltr'>Chares</span> <span class='ocrx_word' id='word_1_213' title='bbox 772 3500 895 3562; x_wconf 83' lang='lat' dir='ltr'>Mitylen.</span> <span class='ocrx_word' id='word_1_214' title='bbox 920 3516 962 3565; x_wconf 86' lang='lat' dir='ltr'>ap.</span> <span class='ocrx_word' id='word_1_215' title='bbox 989 3505 1088 3552; x_wconf 86' lang='lat' dir='ltr'>Athen.</span> <span class='ocrx_word' id='word_1_216' title='bbox 1110 3503 1156 3552; x_wconf 91' lang='lat' dir='ltr'>llI.</span> <span class='ocrx_word' id='word_1_217' title='bbox 1183 3516 1209 3564; x_wconf 85' lang='lat' dir='ltr'>p.</span> <span class='ocrx_word' id='word_1_218' title='bbox 1234 3504 1300 3550; x_wconf 62' lang='lat' dir='ltr'>tila:</span> <span class='ocrx_word' id='word_1_219' title='bbox 1386 3531 1387 3548; x_wconf 53' lang='lat' dir='ltr'>r</span> 
     </span>
    </p>
   </div>
   <div class='ocr_carea' id='block_1_9' title="bbox 194 3581 1299 4113">
    <p class='ocr_par' dir='ltr' id='par_1_14' title="bbox 194 3581 1299 4113">
     <span class='ocr_line' id='line_1_30' title="bbox 261 3581 1299 3660; baseline 0.004 -22"><span class='ocrx_word' id='word_1_220' title='bbox 261 3585 412 3656; x_wconf 71' lang='grc' dir='ltr'><strong><em>ἓξαιροῦντες</em></strong></span> <span class='ocrx_word' id='word_1_221' title='bbox 428 3581 492 3638; x_wconf 62' lang='lat' dir='ltr'>berei</span> <span class='ocrx_word' id='word_1_222' title='bbox 514 3587 588 3638; x_wconf 77' lang='grc' dir='ltr'>λευκοί</span> <span class='ocrx_word' id='word_1_223' title='bbox 609 3587 814 3660; x_wconf 75' lang='grc' dir='ltr'><strong><em>προσαγορεύουσι</em></strong></span> <span class='ocrx_word' id='word_1_224' title='bbox 835 3597 996 3660; x_wconf 60' lang='grc' dir='ltr'><strong><em>μαργαρίταςζ</em></strong></span> <span class='ocrx_word' id='word_1_225' title='bbox 1037 3591 1116 3660; x_wconf 75' lang='lat' dir='ltr'>Quod</span> <span class='ocrx_word' id='word_1_226' title='bbox 1140 3605 1225 3656; x_wconf 76' lang='lat' dir='ltr'>neque</span> <span class='ocrx_word' id='word_1_227' title='bbox 1249 3603 1299 3642; x_wconf 74' lang='lat' dir='ltr'>tw-</span> 
     </span>
     <span class='ocr_line' id='line_1_31' title="bbox 261 3681 1299 3753; baseline -0.003 -21"><span class='ocrx_word' id='word_1_228' title='bbox 261 3681 355 3732; x_wconf 82' lang='lat' dir='ltr'>eurale</span> <span class='ocrx_word' id='word_1_229' title='bbox 377 3690 462 3744; x_wconf 80' lang='lat' dir='ltr'>neque</span> <span class='ocrx_word' id='word_1_230' title='bbox 484 3681 557 3732; x_wconf 85' lang='lat' dir='ltr'>falso</span> <span class='ocrx_word' id='word_1_231' title='bbox 580 3686 621 3732; x_wconf 84' lang='lat' dir='ltr'>est</span> <span class='ocrx_word' id='word_1_232' title='bbox 643 3683 759 3748; x_wconf 87' lang='lat' dir='ltr'>dietum,</span> <span class='ocrx_word' id='word_1_233' title='bbox 782 3694 862 3747; x_wconf 85' lang='lat' dir='ltr'>quum</span> <span class='ocrx_word' id='word_1_234' title='bbox 885 3687 1031 3753; x_wconf 68' lang='grc' dir='ltr'><strong><em>μαργαρίτης</em></strong></span> <span class='ocrx_word' id='word_1_235' title='bbox 1048 3699 1065 3734; x_wconf 90' lang='lat' dir='ltr'>a</span> <span class='ocrx_word' id='word_1_236' title='bbox 1082 3696 1152 3734; x_wconf 83' lang='lat' dir='ltr'>voce</span> <span class='ocrx_word' id='word_1_237' title='bbox 1170 3681 1299 3750; x_wconf 69' lang='grc' dir='ltr'><strong><em>μάργαρα,</em></strong></span> 
     </span>
     <span class='ocr_line' id='line_1_32' title="bbox 207 3767 1297 3840; baseline -0.002 -18"><span class='ocrx_word' id='word_1_238' title='bbox 207 3767 210 3779; x_wconf 86' lang='grc'><strong>”</strong></span> <span class='ocrx_word' id='word_1_239' title='bbox 260 3768 385 3840; x_wconf 69' lang='grc' dir='ltr'><strong><em>μάργαρα</em></strong></span> <span class='ocrx_word' id='word_1_240' title='bbox 402 3775 490 3822; x_wconf 79' lang='lat' dir='ltr'>autem</span> <span class='ocrx_word' id='word_1_241' title='bbox 508 3783 526 3820; x_wconf 84' lang='lat' dir='ltr'>a</span> <span class='ocrx_word' id='word_1_242' title='bbox 542 3783 612 3821; x_wconf 79' lang='lat' dir='ltr'>voee</span> <span class='ocrx_word' id='word_1_243' title='bbox 633 3773 774 3823; x_wconf 77' lang='lat' dir='ltr'>sanaorlta</span> <span class='ocrx_word' id='word_1_244' title='bbox 797 3768 950 3839; x_wconf 62' lang='lat' dir='ltr'>mandore</span> <span class='ocrx_word' id='word_1_245' title='bbox 967 3772 1001 3839; x_wconf 87' lang='lat' dir='ltr'>(i.</span> <span class='ocrx_word' id='word_1_246' title='bbox 1019 3789 1042 3824; x_wconf 84' lang='lat' dir='ltr'>e.</span> <span class='ocrx_word' id='word_1_247' title='bbox 1059 3769 1226 3837; x_wconf 71' lang='lat' dir='ltr'>margarita)</span> <span class='ocrx_word' id='word_1_248' title='bbox 1245 3773 1297 3820; x_wconf 87' lang='lat' dir='ltr'>du-</span> 
     </span>
     <span class='ocr_line' id='line_1_33' title="bbox 261 3863 1238 3937; baseline 0 -25"><span class='ocrx_word' id='word_1_249' title='bbox 261 3866 373 3914; x_wconf 84' lang='lat' dir='ltr'>cendum</span> <span class='ocrx_word' id='word_1_250' title='bbox 391 3864 436 3914; x_wconf 83' lang='lat' dir='ltr'>sit.</span> <span class='ocrx_word' id='word_1_251' title='bbox 472 3863 514 3916; x_wconf 79' lang='lat' dir='ltr'>Gi.</span> <span class='ocrx_word' id='word_1_252' title='bbox 533 3865 608 3913; x_wconf 76' lang='lat' dir='ltr'>batt:</span> <span class='ocrx_word' id='word_1_253' title='bbox 627 3865 785 3934; x_wconf 58' lang='lat' dir='ltr'>Etymolog.</span> <span class='ocrx_word' id='word_1_254' title='bbox 802 3867 1008 3937; x_wconf 79' lang='lat' dir='ltr'>Forselruugem</span> <span class='ocrx_word' id='word_1_255' title='bbox 1025 3867 1055 3917; x_wconf 74' lang='grc' dir='ltr'>Τ.</span> <span class='ocrx_word' id='word_1_256' title='bbox 1075 3867 1109 3916; x_wconf 89' lang='lat' dir='ltr'>ll.</span> <span class='ocrx_word' id='word_1_257' title='bbox 1127 3879 1153 3927; x_wconf 86' lang='lat' dir='ltr'>p.</span> <span class='ocrx_word' id='word_1_258' title='bbox 1172 3863 1238 3913; x_wconf 78' lang='grc'><strong>470.</strong></span> 
     </span>
     <span class='ocr_line' id='line_1_34' title="bbox 194 3949 1296 4022; baseline 0 -19"><span class='ocrx_word' id='word_1_259' title='bbox 194 3949 248 4016; x_wconf 79' lang='grc'>87)</span> <span class='ocrx_word' id='word_1_260' title='bbox 266 3952 325 4004; x_wconf 79' lang='lat' dir='ltr'>Etsi</span> <span class='ocrx_word' id='word_1_261' title='bbox 341 3967 425 4004; x_wconf 84' lang='lat' dir='ltr'>arena</span> <span class='ocrx_word' id='word_1_262' title='bbox 442 3957 563 4006; x_wconf 78' lang='lat' dir='ltr'>aurifera</span> <span class='ocrx_word' id='word_1_263' title='bbox 579 3968 635 4005; x_wconf 89' lang='lat' dir='ltr'>nou</span> <span class='ocrx_word' id='word_1_264' title='bbox 653 3957 727 4004; x_wconf 84' lang='lat' dir='ltr'>deest</span> <span class='ocrx_word' id='word_1_265' title='bbox 744 3956 783 4006; x_wconf 76' lang='lat' dir='ltr'>eia</span> <span class='ocrx_word' id='word_1_266' title='bbox 797 3957 960 4022; x_wconf 76' lang='lat' dir='ltr'>fluminibus,</span> <span class='ocrx_word' id='word_1_267' title='bbox 978 3970 1046 4020; x_wconf 82' lang='lat' dir='ltr'>quae</span> <span class='ocrx_word' id='word_1_268' title='bbox 1064 3969 1081 4006; x_wconf 82' lang='lat' dir='ltr'>a</span> <span class='ocrx_word' id='word_1_269' title='bbox 1098 3955 1296 4019; x_wconf 79' lang='lat' dir='ltr'>septentrioni-</span> 
     </span>
     <span class='ocr_line' id='line_1_35' title="bbox 262 4041 1296 4113; baseline 0.002 -21"><span class='ocrx_word' id='word_1_270' title='bbox 262 4043 312 4092; x_wconf 85' lang='lat' dir='ltr'>bus</span> <span class='ocrx_word' id='word_1_271' title='bbox 328 4041 355 4092; x_wconf 90' lang='lat' dir='ltr'>in</span> <span class='ocrx_word' id='word_1_272' title='bbox 374 4045 495 4108; x_wconf 72' lang='lat' dir='ltr'>Gangem</span> <span class='ocrx_word' id='word_1_273' title='bbox 513 4046 636 4110; x_wconf 82' lang='lat' dir='ltr'>influunt,</span> <span class='ocrx_word' id='word_1_274' title='bbox 655 4047 745 4095; x_wconf 82' lang='lat' dir='ltr'>tamen</span> <span class='ocrx_word' id='word_1_275' title='bbox 763 4049 821 4096; x_wconf 84' lang='lat' dir='ltr'>fleri</span> <span class='ocrx_word' id='word_1_276' title='bbox 841 4049 937 4113; x_wconf 81' lang='lat' dir='ltr'>potuit,</span> <span class='ocrx_word' id='word_1_277' title='bbox 959 4053 988 4097; x_wconf 85' lang='lat' dir='ltr'>ut</span> <span class='ocrx_word' id='word_1_278' title='bbox 1006 4051 1119 4110; x_wconf 77' lang='lat' dir='ltr'>propter</span> <span class='ocrx_word' id='word_1_279' title='bbox 1135 4045 1224 4096; x_wconf 81' lang='lat' dir='ltr'>aolanr</span> <span class='ocrx_word' id='word_1_280' title='bbox 1243 4059 1296 4094; x_wconf 82' lang='grc' dir='ltr'>νο-</span> 
     </span>
    </p>
   </div>
   <div class='ocr_carea' id='block_1_10' title="bbox 261 4130 1387 4206">
    <p class='ocr_par' dir='ltr' id='par_1_15' title="bbox 261 4130 1387 4206">
     <span class='ocr_line' id='line_1_36' title="bbox 261 4130 1387 4206; baseline 0.004 -23"><span class='ocrx_word' id='word_1_281' title='bbox 261 4145 318 4184; x_wconf 81' lang='lat' dir='ltr'>cem</span> <span class='ocrx_word' id='word_1_282' title='bbox 336 4130 539 4194; x_wconf 65' lang='grc' dir='ltr'>Ιιὲναυζίαυὰίια</span> <span class='ocrx_word' id='word_1_283' title='bbox 564 4135 593 4199; x_wconf 85' lang='lat' dir='ltr'>(i.</span> <span class='ocrx_word' id='word_1_284' title='bbox 612 4151 635 4186; x_wconf 88' lang='lat' dir='ltr'>e.</span> <span class='ocrx_word' id='word_1_285' title='bbox 657 4134 791 4202; x_wconf 79' lang='lat' dir='ltr'>aurifer),</span> <span class='ocrx_word' id='word_1_286' title='bbox 818 4133 916 4206; x_wconf 72' lang='lat' dir='ltr'>Qbu&#39;ae</span> <span class='ocrx_word' id='word_1_287' title='bbox 939 4149 1106 4202; x_wconf 82' lang='lat' dir='ltr'>cognomen,</span> <span class='ocrx_word' id='word_1_288' title='bbox 1132 4136 1295 4187; x_wconf 71' lang='lat' dir='ltr'>sonantum</span> <span class='ocrx_word' id='word_1_289' title='bbox 1386 4179 1387 4188; x_wconf 70' lang='grc'>,</span> 
     </span>
    </p>
   </div>
   <div class='ocr_carea' id='block_1_11' title="bbox 260 4227 736 4292">
    <p class='ocr_par' dir='ltr' id='par_1_16' title="bbox 260 4227 736 4292">
     <span class='ocr_line' id='line_1_37' title="bbox 260 4227 736 4292; baseline 0.008 -14"><span class='ocrx_word' id='word_1_290' title='bbox 260 4227 335 4278; x_wconf 84' lang='lat' dir='ltr'>lllaru</span> <span class='ocrx_word' id='word_1_291' title='bbox 355 4229 544 4292; x_wconf 75' lang='lat' dir='ltr'>Megasthenes</span> <span class='ocrx_word' id='word_1_292' title='bbox 563 4237 736 4292; x_wconf 81' lang='lat' dir='ltr'>proponeret.</span> 
     </span>
    </p>
   </div>
   <div class='ocr_carea' id='block_1_12' title="bbox 0 0 1421 4786">
    <p class='ocr_par' dir='ltr' id='par_1_17' title="bbox 0 0 1421 4786">
     <span class='ocr_line' id='line_1_38' title="bbox 0 0 1421 4786; baseline 0 0"><span class='ocrx_word' id='word_1_293' title='bbox 0 0 1421 4786; x_wconf 95' lang='lat' dir='ltr'> </span> 
     </span>
    </p>
   </div>
  </div>
 </body>
</html>
