2822 4786
582 291 888 356 ...44-

238 480 310 544 dolo
329 481 411 544 illins
433 480 548 542 aetatis
570 495 688 559 pronae
711 476 752 540 nd
773 477 931 557 superbas
954 475 1133 558 opiniones,
1156 497 1198 538 ex
1221 497 1261 538 eo
1284 495 1346 559 np-

239 597 350 670 pnret,
382 584 465 669 quod
494 602 604 647 omnes
626 584 697 646 siue
726 583 789 644 nlln
815 581 1012 644 dubitatione
1041 579 1135 644 fidem
1162 581 1192 643 ei
1217 581 1347 644 lrebne-

239 704 321 758 runt.
363 693 479 776 Neque
499 691 736 773 Megasthenes
759 689 849 752 aliter
870 687 913 754 ds
933 687 995 751 bec
1016 707 1051 750 re
1072 687 1236 771 iudicavit,
1260 691 1348 772 quod

237 803 421 883 vituperare
450 809 502 862 est
532 806 566 860 ut
595 797 743 879 probrum
772 795 801 856 ei
831 795 998 882 obiicere,
1032 792 1116 877 quod
1152 797 1207 858 illn
1235 808 1347 860 aetnte

239 908 367 972 vixerit.
410 906 535 972 Primus
558 903 699 968 narravit
721 911 860 984 tantum,
895 910 930 963 ut
956 901 1101 965 dubitare
1122 923 1184 965 nou
1207 906 1347 985 amplius

239 1015 421 1096 possimus,
454 1011 567 1091 quibus
589 1008 659 1071 deis
682 1009 818 1090 Dionysi
846 1024 959 1068 nomen
989 1014 1021 1066 et
1051 1007 1201 1071 Herculis
1224 1006 1346 1072 Graeci

239 1120 450 1184 attribuerint.
500 1117 602 1194 Quam
633 1124 756 1196 partem
784 1127 996 1180 servaverunt
1024 1116 1141 1180 Strabo
1169 1117 1243 1194 711,
1269 1119 1346 1200 687,

241 1231 398 1292 Arrianus
420 1225 487 1290 lnd.
509 1224 604 1305 7—9,
627 1223 787 1287 Diodorus
809 1226 849 1286 11.
873 1225 1000 1288 38—39
1011 1225 1072 1303 41).
1387 1227 1388 1294 l

325 1317 755 1396 lllvideutissimeOris‘n'nm
770 1328 919 1394 describit
933 1331 1082 1393 Herculis
1091 1331 1229 1414 nomine,
1237 1352 1344 1416 quem,
1387 1313 1388 1394 ]

239 1440 290 1502 cui
306 1439 527 1521 responderet,
551 1458 593 1504 ex
613 1437 786 1501 Alexandri
808 1439 1017 1519 scriptoribus
1044 1440 1100 1500 vix
1129 1448 1217 1501 certo
1246 1451 1344 1520 pote·
1387 1465 1388 1514 p

238 1564 292 1609 ras
315 1546 454 1612 delinire.
497 1549 581 1610 Mum
608 1549 671 1610 coli
693 1551 739 1612 eit
761 1548 800 1609 ab
823 1546 933 1610 incolis
954 1547 1102 1626 planitiei,
1117 1533 1345 1628 Pait'alipntrae
1387 1553 1388 1640 l

239 1657 335 1718 etiarn
358 1665 392 1718 nt
414 1655 498 1718 urbis
520 1655 729 1734 conditorem,
752 1655 890 1716 maxime
920 1655 1090 1716 Metborce
1118 1663 1151 1716 et
1170 1657 1344 1718 Oarieobo-

245 1783 303 1826 roe
321 1762 417 1838 (Plio.
440 1761 470 1824 h.
493 1763 602 1828 mvl.
626 1764 678 1824 22.
700 1764 730 1842 6,
755 1767 826 1827 Arr.
850 1760 919 1825 lud.
938 1761 968 1822 8.
991 1763 1048 1838 5.),
1070 1763 1100 1823 in
1124 1763 1249 1844 oppidis
1273 1762 1345 1852 Qui-
1387 1773 1388 1814 l

240 1869 426 1932 resecatum
449 1869 489 1930 nd
512 1871 683 1934 Jamunnrn
705 1871 793 1936 sitis:
817 1891 852 1934 re
873 1891 964 1953 vera,
986 1885 1021 1934 ut
1032 1871 1114 1934 inter
1126 1891 1239 1934 ornnes
1261 1890 1342 1936 con·
1387 1863 1388 1950 l

239 1982 323 2056 stet,
352 1975 422 2038 ludi
450 1975 555 2040 adbuc
577 1965 741 2040 Mnt‘urae
763 1963 929 2042 Cris‘u'am
955 1986 1064 2040 natum
1094 1997 1169 2041 esse
1197 1979 1343 2059 credunt,

240 2092 274 2146 et
302 2082 397 2148 hodic
424 2104 552 2168 quoque
584 2089 691 2150 urbem
720 2089 902 2150 eisecram
931 2085 1069 2168 hebent,
1109 2086 1210 2148 alteru
1237 2096 1345 2149 autem
1387 2113 1388 2178 3

240 2193 316 2256 urbs
336 2194 526 2258 Gur-nobum
548 2213 590 2256 ex
610 2195 679 2275 ipso
704 2181 857 2256 Cris‘n'ee
884 2194 1010 2256 nomine
1030 2203 1219 2274 'nuncupata
1252 2193 1347 2258 vide·
1387 2273 1388 2276 Ἴ

242 2311 294 2362 tur
315 2291 609 2384 (Oris‘n'n-puro).
652 2301 899 2381 Megasthenes,
921 2299 996 2362 dum
1019 2295 1152 2384 γηγενέα
1174 2301 1261 2362 illum
1285 2321 1346 2383 ap·
1387 2277 1388 2356 f

242 2409 353 2488 pellat,
376 2427 418 2469 ex
441 2415 530 2488 parte
551 2405 677 2488 quidem
700 2407 762 2467 iam
783 2406 911 2487 reliquit
922 2407 1135 2470 Macedonum
1149 2407 1345 2492 opinionem,

242 2517 302 2582 sed
323 2521 356 2580 iu
377 2519 528 2600 reliquam
557 2517 783 2598 descriptionis
811 2525 934 2598 partem
961 2517 1115 2580 Herculis
1140 2513 1261 2580 Graeci
1290 2537 1346 2579 re·

243 2634 376 2706 spectus
399 2630 465 2690 vim
488 2644 638 2708 magnam
660 2624 837 2702 lrabuit⁴²³).

245 2737 438 2748 -n——un—

241 2789 292 2847 42)
311 2789 424 2838 Diodori
441 2791 589 2854 enarratio,
607 2789 631 2837 si
649 2803 708 2840 cnm
727 2791 862 2839 Strabone
880 2791 906 2838 et
924 2790 1044 2840 Arriano
1062 2803 1120 2842 eant
1139 2791 1302 2856 contuleris,
1320 2791 1347 2840 in
1387 2809 1388 2844 1

311 2881 362 2928 bac
379 2883 455 2940 parte
474 2893 528 2928 non
547 2882 623 2928 tanto
642 2885 682 2927 est
701 2880 822 2942 brevior,
839 2884 939 2941 quanto
957 2881 1043 2929 solet:
1069 2881 1127 2941 lpse
1144 2881 1284 2932 Diodorus
1303 2888 1348 2932 tn-

307 2981 367 3018 men
385 2982 445 3017 sese
462 2969 489 3016 in
508 2969 589 3016 breve
603 2968 788 3031 Megasthenis
806 2967 964 3016 relationem
983 2968 1117 3034 coegisse,
1134 2971 1175 3020 lris
1193 2971 1286 3021 verbis
1304 2973 1348 3020 in-

310 3063 401 3113 dicare
418 3060 540 3116 videtur:
567 3059 735 3124 μυθολογοῦσι
756 3055 785 3108 δὲ
806 3055 875 3127 παραῚ
892 3065 942 3115 τοῖς
955 3056 1041 3116 Ἰνδοῖς
1059 3058 1081 3109 οἱ
1098 3059 1257 3128 λογιώτατοι,
1288 3067 1348 3130 περὶ

307 3143 342 3204 ὧν
359 3155 469 3218 καθῆκον
488 3147 518 3200 ἂν
536 3151 571 3214 εἴη
589 3146 753 3215 συντόμως
771 3147 889 3202 διελθεῖν.
924 3151 976 3200 sno
994 3152 1129 3202 coniicere
1147 3153 1222 3219 lieet,
1242 3155 1346 3206 niodo-

309 3257 367 3294 rum
387 3245 465 3294 etiam
490 3222 543 3306 ono
567 3244 622 3294 elio
645 3244 709 3293 loco
728 3245 789 3302 (Ill.
810 3241 868 3310 63.)
887 3243 1038 3304 Dionysum
1062 3243 1181 3294 Indicum
1207 3248 1347 3313 describit,

310 3327 432 3386 secutum
451 3351 511 3386 esse
529 3339 739 3400 megasthenem.

374 3427 471 3476 Totum
488 3427 566 3477 illum
585 3429 683 3491 locum,
701 3441 754 3490 qno
772 3429 962 3490 Megasthenes
978 3429 1012 3478 dc
1022 3429 1078 3478 deis
1088 3427 1195 3491 Indicis,
1214 3430 1249 3478 de
1260 3433 1348 3480 Brab-

309 3501 397 3567 nanis
415 3521 441 3566 et
458 3519 598 3569 Sarmenis
617 3521 684 3570 dixit
702 3524 760 3582 (ap.
770 3521 861 3570 strab.
871 3535 897 3582 p.
908 3517 1088 3586 tlt-714.),
1106 3518 1200 3570 deinde
1217 3521 1348 3586 alterum,

308 3607 352 3672 qui
369 3607 472 3671 legitur
489 3611 559 3670 apud
577 3611 737 3662 Strabonem
756 3625 784 3673 p.
802 3610 883 3678 710,
909 3613 944 3661 nd
962 3611 1143 3664 onesicritum
1160 3613 1281 3662 fortasse
1300 3629 1348 3666 re-

311 3699 448 3748 ferendum
476 3711 535 3746 esse
561 3700 701 3749 contendit
726 3700 847 3750 (Ieterus
873 3715 899 3762 p.
923 3702 1003 3768 8711,
1030 3704 1075 3764 qni
1100 3717 1184 3767 neque
1205 3710 1348 3771 accurate,

308 3805 393 3854 neque
416 3789 508 3852 aliqua
531 3789 646 3840 imbutus
669 3805 760 3842 rernm
780 3793 948 3844 Persicorum
965 3797 991 3843 et
1008 3792 1158 3845 Indicarum
1177 3797 1347 3862 cognitione,

308 3881 479 3947 „Alexandri
497 3883 534 3930 M.
552 3880 724 3930 historiarum
741 3883 889 3944 scriptores
907 3886 994 3933 aetate
1013 3884 1164 3946 suppares“
1182 3901 1269 3949 nuper
1286 3890 1347 3938 edi-

233 3977 235 3984 '
298 3967 357 4023 dit·
400 3975 486 4040 Quam
510 3975 661 4036 opinionem
684 3974 730 4024 vix
754 3975 923 4037 concepisset
946 3975 1008 4038 ille,
1034 3976 1057 4024 si
1083 3977 1165 4036 panlo
1190 3977 1347 4040 diligentins

309 4063 474 4126 inspexisset
491 4071 652 4119 strabonem
671 4071 698 4119 et
715 4067 796 4119 clem.
816 4069 895 4118 Alex.
912 4069 1012 4120 Suom.
1030 4069 1052 4117 1.
1070 4082 1098 4131 p.
1117 4069 1181 4120 lali.
1199 4071 1281 4132 sylb.

242 4181 295 4239 4³)
314 4177 439 4242 Aliquem
450 4188 554 4244 partem
573 4185 737 4235 narrationis
755 4184 831 4235 docte
849 4186 996 4248 explicavit
1006 4187 1170 4242 hunanitas:
1188 4189 1346 4242 zeitucnrtn

311 4269 354 4320 ldr
371 4269 413 4318 dle
432 4271 527 4322 liunde
545 4273 591 4324 des
609 4277 831 4342 Morgeulandes.
849 4279 883 4328 V.
902 4275 965 4329 852.
1208 4267 1212 4274 ⁴
