2778 4802
664 280 871 347 ,98-

213 473 305 532 aetas
325 463 377 530 iila
404 468 442 532 ia·
459 485 499 532 eo
520 467 722 548 versabatur,
756 477 790 536 ut
813 482 1143 553 hermammonem
1163 472 1205 542 de
1218 475 1318 542 dadis

215 577 277 649 iam
298 577 463 658 explorata
485 559 590 658 arant,
610 577 650 644 ad
673 587 821 647 artemet
839 588 1010 660 praecepta
1026 591 1206 660 revocaret,
1226 594 1317 652 oerto

214 680 330 748 iudicio
354 683 556 766 ponderaret,
589 685 621 748 iu
658 695 779 752 eertum
811 685 953 756 adiuero
979 687 1175 776 disponeret,
1202 703 1239 760 et
1273 694 1317 760 ita

216 790 376 866 eommuni
395 791 532 858 omnium
556 791 687 856 notitiae
709 791 858 863 traderet

296 899 366 981 uis,
388 900 442 982 qui
464 899 508 966 ad
531 901 614 968 huno
643 902 736 973 finem
766 899 968 984 scrihebont,
1003 902 1243 984 Megasthenes
1276 903 1316 970 da

213 1005 304 1069 ludia
324 1024 467 1070 summus
489 1018 557 1072 erat
579 1016 698 1072 auetor.
746 1009 1004 1086 Eratosthenem,
1025 1027 1169 1072 summae
1191 1011 1316 1076 docui·-

215 1133 277 1176 uae
299 1113 520 1197 geographum
540 1116 726 1196 prinoipem,
747 1135 851 1198 aeque
873 1117 997 1194 miuus,
1028 1119 1079 1200 qui
1108 1119 1315 1182 Eratostheni

215 1221 421 1286 adversarius
444 1229 524 1303 erat,
551 1223 792 1302 Hipparchum,
826 1223 958 1304 plurima
981 1223 1211 1306 depromeres
1233 1231 1311 1290 hle·

212 1331 370 1412 gasthene
392 1329 538 1394 videmus
560 1333 619 1409 (V.
641 1331 802 1394 Eratosth.
824 1351 854 1412 p.
875 1331 1027 1394 92-99.
1057 1333 1184 1406 uernh,
1207 1335 1312 1398 Strab.

211 1435 261 1501 ⁷1.
283 1439 376 1519 seq.).
419 1437 481 1498 Ex·
498 1455 537 1499 eo
560 1439 641 1502 euim
664 1436 768 1502 adhue
786 1446 899 1528 potest¹
915 1435 1043 1530 ostendi
1062 1439 1309 1504 Eratosthenem

210 1541 359 1606 hausisse
381 1561 419 1606 ea
441 1563 524 1625 quae
541 1543 678 1625 prodidit
700 1544 740 1606 de
761 1541 974 1628 magnitudine
986 1539 1106 1627 indiae,
1129 1547 1170 1609 de
1184 1547 1310 1632 finibus,

211 1649 253 1713 de
274 1655 542 1732 septentrionibus
564 1653 765 1733 madentibus,
788 1653 827 1714 de
850 1641 1159 1735 -messi‘dupiieiss‘de
1176 1677 1216 1718 eo
1231 1677 1309 1739 spa-

211 1759 268 1837 tio,
290 1780 347 1841 per
369 1759 453 1841 quod
475 1759 564 1822 India
586 1761 616 1821 iu
640 1761 791 1823 orientem
814 1770 932 1843 pateat.
974 1763 1023 1825 De
1043 1764 1112 1825 aliis
1135 1766 1232 1828 rebus
1254 1775 1309 1828 aut

210 1867 371 1946 dissepsit,
404 1885 456 1933 ex.
478 1883 508 1928 a.
530 1857 623 1930 aliter
644 1868 827 1952 descripsit,
856 1879 1005 1952 quantam
1038 1863 1268 1953 longitudinem
1290 1895 1309 1940 a

211 1969 558 2057 septentrionibus³ad
587 1973 747 2042 meridiem
783 1971 1047 2061 ramesmere,
1076 1989 1138 2044 aut
1163 1991 1313 2045 tseoates

210 2085 460 2166 Megastheuem
484 2079 584 2150 falsas
604 2087 767 2170 opiniones
789 2089 991 2164 addidisem.
1014 2111 1041 2154 a.
1055 2080 1232 2153 3austratem
1255 2095 1311 2156 ine

211 2195 284 2258 diae
305 2196 399 2258 tinem
419 2195 532 2258 eodem
556 2191 585 2258 in
607 2197 708 2278 gradu
729 2200 833 2277 posuit
855 2206 951 2279 atque
973 2201 1126 2263 Meroen:
1153 2219 1218 2284 quo
1240 2220 1312 2266 mo·

213 2303 254 2365 do
283 2311 382 2366 totam
412 2305 521 2367 Indiae
548 2305 681 2368 ferinam
710 2323 772 2368 suo
803 2308 875 2370 loeo
907 2303 1006 2371 mo‘vit
1038 2319 1071 2370 et
1102 2311 1314 2392 perturbavit.

79 2413 83 2422 ‘
208 2408 282 2472 Sed
303 2412 386 2470 sieut
408 2428 532 2470 errores
552 2409 772 2472 Eratosthenis
794 2431 849 2493 per
870 2421 969 2480 totam
996 2411 1190 2480 Graecorum
1219 2433 1308 2496 geo-

210 2515 373 2600 graphiam
406 2519 548 2599 perpetui
575 2535 702 2582 manere
723 2520 842 2596 soient,
881 2526 927 2586 ita
956 2523 1146 2590 etiameam
1170 2531 1309 2606 partem,

210 2641 292 2706 quae
315 2625 539 2708 Megasthenis
562 2625 678 2689 indicis
701 2627 814 2700 nititur,
839 2629 868 2690 ei
891 2629 942 2710 qai
965 2625 1146 2712 sequuntur
1164 2649 1309 2714 geogra-

210 2730 266 2813 phi
286 2740 388 2794 ratam
411 2742 508 2815 atque
530 2725 650 2798 eertum
671 2735 858 2798 habuerunt.
881 2739 1071 2802 posterioris
1095 2740 1212 2804 aetatis
1224 2757 1309 2824 geo-

210 2839 339 2922 graphi,
360 2842 489 2902 Polemo
509 2831 663 2926 (κοσμικὴ
686 2831 905 2929 περιήγησις),
946 2847 1102 2910 Mnaseas
1125 2843 1223 2932 (aspi
1243 2838 1308 2910 ‘A-

209 2941 310 3025 σίας),
332 2947 545 3027 Apollodorus
569 2946 645 3035 (γῆς
661 2946 841 3036 περίοδος),
864 2951 1121 3032 Apatharchidee
1143 2943 1208 3031 [roi
1222 2946 1319 3017 aare.

209 3043 269 3140 τήν
290 3042 434 3132 Ἀσίαν),
462 3061 676 3137 quantumin
705 3059 796 3122 india
833 3059 1043 3123 deseribaada
1082 3061 1307 3145 Megasthenes

210 3157 354 3248 vestigia
370 3165 476 3227 secuti
497 3168 569 3232 siut,
592 3167 654 3228 iam
667 3167 805 3248 ‚reperiri
818 3184 888 3228 ‘aon
910 3173 1025 3246 potest.
1038 3209 1043 3220 .
1057 3169 1308 3250 dhaer-oetaeis,

208 3275 262 3356 qui
282 3275 467 3358 frequentes
488 3272 594 3356 pauiio
608 3283 731 3355 postea
751 3273 849 3338 libros
869 3275 1103 3358 geographioos'
1122 3275 1175 3338 'vd
1192 3283 1304 3360 eopio-

209 3381 313 3443 siores
335 3383 389 3444 vel
410 3383 574 3446 breviores
596 3383 870 3466 oonseripserunt',
903 3379 1097 3446 Alemaadrr
1115 3385 1306 3464 :Polphiator

209 3499 383 3553 memoratu
404 3500 455 3554 est
475 3492 607 3576 diguus:
627 3513 712 3575 uam,
734 3508 839 3574 quum*
859 3481 1172 3574 seripseats'mdmd,
1193 3513 1308 3575 quam-

208 3602 263 3660 vis
286 3591 408 3664 fuerint
423 3613 503 3679 pars
520 3610 642 3663 tautum
664 3601 792 3666 maioris
816 3601 1028 3684 geographici
1041 3601 1168 3681 epotis,
1198 3606 1312 3684 eopio-

206 3706 275 3768 sius
298 3715 404 3768 tameo
424 3723 478 3766 res
499 3705 624 3768 todmas
644 3709 771 3770 videtur
790 3707 972 3769 traotasse.'
988 3707 1095 3785 Quum
1108 3711 1308 3770 merovaeus

207 3821 328 3876 tamtum
350 3831 392 3876 ex
411 3815 474 3878 hoo
495 3813 570 3876 libro
593 3815 682 3876 loeus
703 3815 843 3896 supersit
868 3815 986 3890 (olem.
1008 3816 1112 3880 ‘stem
1146 3817 1204 3876 ut:
1229 3815 1309 3878 538.

207 3919 321 4002 Ροιι.),
342 3930 494 4002 quantum
514 3932 649 3985 secutus
671 3925 713 3985 sit
734 3923 991 4006 megasthenem,
1021 3925 1138 3987 oerum
1158 3925 1220 3986 iam
1244 3924 1312 3987 diei

209 4044 271 4086 uou
292 4035 410 4107 potest.

216 4171 221 4181 .
289 4132 407 4194 Gentis
429 4133 671 4217 deseriptiouem
700 4139 917 4220 geographiae
949 4141 1086 4204 maxime
1112 4139 1310 4222 immiscuit,
1373 4120 1376 4133 Ι

210 4243 319 4320 itaque
352 4239 574 4330 Megasthenia
609 4247 747 4328 vestigia
779 4247 894 4330 ubique
922 4247 990 4311 fare
1021 4259 1231 4332 perseeutus’
1254 4262 1310 4314 est
