2822 4786
647 345 855 411 ..20-

204 535 352 596 novimus
373 531 546 614 satrapiam
571 529 769 598 Arachosiae
793 539 825 592 et
854 527 1033 596 Gedrosiae
1060 526 1211 612 adeptum
1243 548 1303 594 es-

201 659 238 704 se
260 639 449 722 olympiadis
471 640 591 704 CXIV.
613 659 695 704 anno
718 641 832 721 altero,
860 657 954 722 quum
993 638 1088 700 etiarn
1121 636 1302 701 obtinuisse

203 765 275 810 enm
298 747 414 831 olymp.
444 747 564 815 CXVI.
602 765 685 812 anno
718 748 818 830 primo
849 767 892 810 ex
921 744 1061 810 Diodoro
1089 746 1194 820 (XIX.
1229 747 1300 820 48.)

155 852 158 857 ’
201 854 370 918 discimus:
391 853 449 918 sed
471 855 605 937 amplius
627 863 757 918 veteres
778 855 853 918 nihil
875 852 915 917 de
936 874 975 916 eo
996 852 1202 916 tradiderunt.
1224 855 1301 915 Ne·

206 979 270 1043 que
291 963 409 1026 certius
431 981 472 1024 ex
494 962 631 1044 reliquiis
654 962 782 1027 lndieou
804 960 845 1025 de
864 962 932 1024 vita
957 961 1183 1045 Megasthenis
1211 961 1300 1024 iudi-

201 1075 268 1134 cari
291 1081 407 1153 potest.
450 1070 487 1135 ld
509 1071 592 1153 quod
614 1075 699 1135 scire
721 1071 946 1156 gravissimum
959 1079 1020 1153 est,
1036 1089 1110 1132 num
1124 1069 1302 1134 Alexandri

201 1182 402 1264 expeditioni
412 1179 542 1246 Indicae
564 1182 627 1245 iam
650 1181 837 1262 interfuerit,
866 1180 994 1243 dubium
1030 1187 1080 1241 est
1109 1180 1163 1243 vel
1193 1181 1299 1260 potius

199 1289 241 1354 od
261 1290 359 1354 iidem
389 1287 528 1351 difficile.
571 1288 634 1352 Cui
656 1288 859 1352 coniecturae
880 1287 943 1350 hoc
963 1288 1066 1377 solurn
1088 1305 1199 1351 ansam
1219 1286 1298 1368 dare

199 1405 318 1479 potest,
341 1396 424 1477 quod
445 1397 556 1459 Nilum
581 1404 611 1460 et
633 1395 811 1460 Danubium
833 1413 906 1458 cum
927 1395 1005 1458 Indo
1021 1403 1054 1456 et
1073 1393 1190 1479 Gange
1204 1412 1295 1458 com-

198 1507 325 1586 paravit
345 1506 433 1581 (Art.
456 1524 528 1588 exp.
550 1507 602 1568 Al.
625 1505 667 1571 V.
687 1507 717 1568 6.
743 1499 822 1588 10.),
845 1505 903 1568 sed
916 1523 1013 1588 quum
1026 1506 1220 1587 comparatio
1234 1506 1297 1568 ista

198 1612 340 1678 fortasse
362 1613 460 1677 solius
482 1613 705 1676 Eratosthenis
729 1614 781 1696 sit,
804 1630 898 1694 quern
914 1631 1061 1676 unacum
1078 1613 1296 1695 Megasthene

199 1724 353 1788 Arrianus
374 1721 527 1804 laudavit,
551 1721 677 1806 deinde,
698 1740 795 1805 quum
816 1741 857 1784 ne
875 1722 1041 1786 levissime
1061 1721 1200 1805 quidem,
1220 1740 1297 1788 sese

199 1832 241 1896 illi
264 1831 456 1914 expeditioni
477 1830 674 1911 interfuisse,
697 1831 759 1892 ullo
790 1830 862 1892 luco
886 1828 1089 1913 indicaverit,
1119 1838 1292 1912 postremo,

200 1961 295 2024 quum
323 1961 381 2023 per
413 1961 551 2006 errorem
582 1941 741 2026 Vipitpam
769 1941 886 2006 dixerit
913 1941 944 2005 iu
972 1941 1123 2006 lritvatirn
1149 1941 1293 2020 inlinere,

197 2050 287 2129 (Arr.
309 2050 376 2113 lnd.
397 2051 427 2116 4.
448 2050 510 2130 8,),
534 2049 573 2112 de
595 2068 658 2133 qua
680 2069 715 2112 re
735 2047 910 2112 Alexandri
933 2049 1067 2112 comites
1082 2067 1194 2114 omncs
1212 2067 1294 2114 con·-

196 2158 347 2238 seutiunt,
368 2157 443 2220 nihil
464 2160 533 2220 lere
554 2166 606 2221 est
630 2157 682 2222 illa
704 2158 886 2221 coniectura
904 2157 1066 2222 incertius.

199 2319 204 2330 .
275 2266 391 2346 Neque
412 2265 475 2328 hoc
498 2267 630 2328 alterum
652 2267 769 2328 certius
791 2271 899 2345 potest
928 2265 1080 2347 expediri,
1119 2283 1203 2347 quae
1234 2267 1291 2330 fu·

196 2373 255 2435 erit
283 2390 394 2454 causa,
432 2374 472 2436 ob
494 2394 587 2456 quarn
611 2373 768 2437 Seleucus
790 2375 933 2453 legatum
955 2373 996 2440 ad
1017 2361 1287 2456 K'andraguptam

195 2478 374 2553 miseritfl)
395 2478 517 2544 Eadem
538 2482 569 2543 in
591 2480 787 2544 dubitatione
807 2489 933 2563 tempus
954 2483 1123 2565 legationis
1137 2481 1290 2564 relinqui·

195 2595 260 2650 tur:
283 2606 377 2670 quum
399 2597 504 2652 autern
526 2588 661 2652 dubitari
683 2610 745 2652 non
766 2591 882 2674 possit,
914 2589 987 2672 quin
1009 2591 1109 2653 missa
1136 2589 1178 2652 sit
1208 2590 1289 2652 inter

194 2701 368 2762 amicitiam
389 2716 510 2779 regum,
538 2698 865 2781 existimandum-est,
896 2717 967 2762 eam
999 2701 1157 2781 pertinere
1184 2698 1226 2762 ad
1255 2699 1288 2762 id

192 2812 329 2887 tempus,
359 2804 443 2888 quod
467 2807 549 2868 inter
569 2823 682 2887 pacem
710 2806 884 2886 factumst
907 2794 1177 2890 K'audraguptam
1198 2826 1288 2868 rnor-

193 2921 279 2976 tnum
303 2913 358 2974 vel
377 2912 457 2974 inter
478 2931 580 2976 annos
603 2912 733 2977 cccn.
767 2924 799 2977 et
829 2914 1112 2982 cccxxxvln.
1141 2915 1286 2978 interest.

195 3019 270 3100 Qua
290 3020 321 3082 in
343 3040 378 3082 re
400 3019 493 3084 dubia
514 3021 642 3083 minime
664 3021 850 3100 errabimus,
871 3023 899 3086 si
926 3023 1064 3088 medium
1089 3039 1205 3088 anuum
1218 3021 1238 3086 i.
1256 3043 1286 3086 e.

193 3127 458 3194 CCLXXXXV.
470 3129 854 3214 a.Chr.[Olymp.CXXl.
866 3133 1004 3210 annll.)
1018 3134 1283 3207 statuerimusssl

206 3251 410 3268 *nn-*-

192 3288 245 3356 11)
262 3295 359 3344 Parum
386 3297 490 3360 expedit
506 3299 576 3349 hane
605 3313 660 3348 rem
686 3300 789 3350 Plinius
815 3302 867 3352 hoc
892 3301 974 3351 loco:
1007 3299 1098 3351 India
1128 3302 1284 3367 patefacto

258 3385 301 3434 est
316 3411 350 3422 -
365 3414 399 3424 —
416 3391 443 3438 et
460 3391 530 3440 aliis
547 3392 714 3442 auctoribus
732 3391 868 3457 Graecis,
894 3392 943 3457 qni
959 3403 1024 3442 cum
1041 3391 1156 3455 renibus
1171 3392 1287 3444 Indicis

255 3476 365 3528 morati
391 3476 486 3541 (sient
501 3479 697 3546 dispositiones
714 3484 741 3532 et
758 3481 915 3544 Dionysius
932 3496 952 3533 a
968 3482 1163 3546 Philadelpho
1180 3483 1286 3536 missus

256 3580 302 3619 erc
319 3583 358 3619 eo
376 3573 512 3636 conso)
530 3573 608 3623 ciros
624 3586 731 3641 puroque
746 3572 874 3638 pontium
891 3573 1057 3637 prodidere.
1083 3575 1133 3625 Vl.
1150 3575 1197 3627 21.
1215 3579 1243 3626 8.

189 3659 242 3730 ta)
257 3663 388 3718 clintes.
406 3665 470 3716 last.
487 3667 559 3716 Hell.
577 3668 624 3718 ΙΙΙ.
641 3683 668 3730 p.
685 3669 749 3718 482.
767 3671 823 3718 net.
840 3682 866 3718 z.
883 3671 1086 3734 megasthenem
1104 3670 1196 3721 Indica
1213 3683 1283 3722 con·

214 3779 218 3788 ·
255 3757 398 3824 scripsisse
416 3759 553 3808 contendit
571 3759 653 3820 paulo
677 3761 740 3809 aute
762 3771 861 3810 annum
885 3760 988 3827 cccli,
1014 3764 1061 3812 sed
1087 3763 1198 3813 confidit
1218 3777 1283 3825 per-

253 3861 355 3912 peram,
386 3849 498 3900 missum
520 3863 580 3899 esse
608 3852 821 3916 Megasthenem,
845 3854 876 3902 ut
898 3866 991 3916 pacem
1017 3853 1172 3907 coniceret.
1206 3852 1283 3920 Quae

251 3939 410 3992 coniectura
426 3945 461 3994 ad
478 3943 620 3994 veritatem
645 3945 750 3996 minime
772 3947 881 4000 videtur
905 3953 1050 4012 accedere3
1073 3949 1186 4014 primunr
1210 3950 1283 4002 enirn

250 4037 381 4091 nusquam
398 4037 571 4098 memoratur,
588 4037 789 4100 megasthenem
806 4041 881 4102 pacis
898 4041 1071 4102 interpretem
1088 4041 1185 4104 tuisse,
1201 4040 1283 4092 dein·

252 4119 286 4170 de
303 4117 503 4185 Pdt'aliputram
526 4127 665 4189 proiectus
683 4130 725 4178 esi
749 4129 834 4192 ibique
861 4131 960 4180 diutins
983 4135 1115 4197 moratus,
1141 4134 1280 4196 postremo

252 4210 382 4262 eiusmodi
399 4217 441 4302 est
458 4218 590 4283 narratio,
609 4222 639 4269 ut
656 4219 854 4286 intelligamus,
871 4224 1074 4286 megasthenem
1087 4223 1171 4275 amice
1181 4228 1208 4276 et
1220 4223 1280 4272 sine

250 4301 309 4353 ulle
325 4302 538 4356 dissimulatione
555 4315 696 4372 exceptum
714 4311 808 4364 luisse.
