<?xml version="1.0" encoding="UTF-8"?>
<!DOCTYPE html PUBLIC "-//W3C//DTD XHTML 1.0 Transitional//EN"
    "http://www.w3.org/TR/xhtml1/DTD/xhtml1-transitional.dtd">
<html xmlns="http://www.w3.org/1999/xhtml" xml:lang="en" lang="en">
 <head>
  <title>
</title>
<meta http-equiv="Content-Type" content="text/html;charset=utf-8" />
  <meta name='ocr-system' content='tesseract 3.04.00' />
  <meta name='ocr-capabilities' content='ocr_page ocr_carea ocr_par ocr_line ocrx_word'/>
</head>
<body>
  <div class='ocr_page' id='page_1' title='image "./demegasthenerer00schwgoog_0054.png"; bbox 0 0 2822 4786; ppageno 0'>
   <div class='ocr_carea' id='block_1_1' title="bbox 518 343 724 406">
    <p class='ocr_par' dir='ltr' id='par_1_1' title="bbox 518 343 724 406">
     <span class='ocr_line' id='line_1_1' title="bbox 518 343 724 406; baseline 0.005 -16"><span class='ocrx_word' id='word_1_1' title='bbox 518 343 724 406; x_wconf 74' lang='lat'>...45-</span> 
     </span>
    </p>
   </div>
   <div class='ocr_carea' id='block_1_2' title="bbox 69 523 1260 1359">
    <p class='ocr_par' dir='ltr' id='par_1_2' title="bbox 69 523 1260 1359">
     <span class='ocr_line' id='line_1_2' title="bbox 158 523 1173 610; baseline -0.001 -20"><span class='ocrx_word' id='word_1_2' title='bbox 158 528 301 604; x_wconf 74' lang='lat' dir='ltr'><strong>Alterum</strong></span> <span class='ocrx_word' id='word_1_3' title='bbox 324 527 431 610; x_wconf 89' lang='lat' dir='ltr'><strong>deum,</strong></span> <span class='ocrx_word' id='word_1_4' title='bbox 451 545 545 610; x_wconf 78' lang='lat' dir='ltr'><strong>quero</strong></span> <span class='ocrx_word' id='word_1_5' title='bbox 569 527 750 610; x_wconf 83' lang='lat' dir='ltr'><strong>Dionysum</strong></span> <span class='ocrx_word' id='word_1_6' title='bbox 774 523 896 590; x_wconf 86' lang='lat' dir='ltr'><strong>Grueel</strong></span> <span class='ocrx_word' id='word_1_7' title='bbox 924 535 1059 609; x_wconf 84' lang='lat' dir='ltr'><strong>vocent,</strong></span> <span class='ocrx_word' id='word_1_8' title='bbox 1089 547 1173 591; x_wconf 88' lang='lat' dir='ltr'><strong>eun-</strong></span> 
     </span>
     <span class='ocr_line' id='line_1_3' title="bbox 73 633 1175 718; baseline -0.002 -20"><span class='ocrx_word' id='word_1_9' title='bbox 73 637 145 698; x_wconf 91' lang='lat' dir='ltr'><strong>dem</strong></span> <span class='ocrx_word' id='word_1_10' title='bbox 167 641 262 717; x_wconf 87' lang='lat' dir='ltr'><strong>atque</strong></span> <span class='ocrx_word' id='word_1_11' title='bbox 284 633 393 718; x_wconf 56' lang='lat' dir='ltr'><strong>Quum</strong></span> <span class='ocrx_word' id='word_1_12' title='bbox 416 651 505 713; x_wconf 86' lang='lat' dir='ltr'><strong>esse,</strong></span> <span class='ocrx_word' id='word_1_13' title='bbox 529 653 570 696; x_wconf 87' lang='lat' dir='ltr'><strong>ex</strong></span> <span class='ocrx_word' id='word_1_14' title='bbox 592 633 804 715; x_wconf 73' lang='lat' dir='ltr'><strong>descriptione</strong></span> <span class='ocrx_word' id='word_1_15' title='bbox 828 635 978 696; x_wconf 87' lang='lat' dir='ltr'><strong>comitum</strong></span> <span class='ocrx_word' id='word_1_16' title='bbox 1000 634 1175 697; x_wconf 78' lang='lat' dir='ltr'>Alexandri</span> 
     </span>
     <span class='ocr_line' id='line_1_4' title="bbox 72 729 1172 822; baseline 0.002 -20"><span class='ocrx_word' id='word_1_17' title='bbox 72 743 134 804; x_wconf 89' lang='lat' dir='ltr'><strong>ium</strong></span> <span class='ocrx_word' id='word_1_18' title='bbox 157 743 238 803; x_wconf 85' lang='lat' dir='ltr'><strong>satis</strong></span> <span class='ocrx_word' id='word_1_19' title='bbox 256 747 404 820; x_wconf 86' lang='lat' dir='ltr'><strong>apparet:</strong></span> <span class='ocrx_word' id='word_1_20' title='bbox 427 757 498 802; x_wconf 90' lang='lat' dir='ltr'><strong>eum</strong></span> <span class='ocrx_word' id='word_1_21' title='bbox 510 733 750 819; x_wconf 76' lang='lat' dir='ltr'><strong>&#39;Megasthenes</strong></span> <span class='ocrx_word' id='word_1_22' title='bbox 774 741 880 821; x_wconf 82' lang='lat' dir='ltr'><strong>magis</strong></span> <span class='ocrx_word' id='word_1_23' title='bbox 893 759 987 822; x_wconf 89' lang='lat' dir='ltr'><strong>quum</strong></span> <span class='ocrx_word' id='word_1_24' title='bbox 1003 729 1172 804; x_wconf 82' lang='lat' dir='ltr'><strong>Cris‘u&#39;um</strong></span> 
     </span>
     <span class='ocr_line' id='line_1_5' title="bbox 71 845 1174 928; baseline 0.001 -18"><span class='ocrx_word' id='word_1_25' title='bbox 71 847 111 910; x_wconf 83' lang='lat' dir='ltr'><strong>ad</strong></span> <span class='ocrx_word' id='word_1_26' title='bbox 146 847 379 912; x_wconf 86' lang='lat' dir='ltr'><strong>similitudinem</strong></span> <span class='ocrx_word' id='word_1_27' title='bbox 414 845 533 909; x_wconf 85' lang='lat' dir='ltr'><strong>Graeei</strong></span> <span class='ocrx_word' id='word_1_28' title='bbox 563 846 614 908; x_wconf 89' lang='lat' dir='ltr'><strong>dei</strong></span> <span class='ocrx_word' id='word_1_29' title='bbox 641 847 818 927; x_wconf 77' lang='lat' dir='ltr'><strong>descripsit.</strong></span> <span class='ocrx_word' id='word_1_30' title='bbox 875 847 1006 928; x_wconf 80' lang='lat' dir='ltr'><strong>Repetit</strong></span> <span class='ocrx_word' id='word_1_31' title='bbox 1040 845 1174 911; x_wconf 87' lang='lat' dir='ltr'><strong>eusdem</strong></span> 
     </span>
     <span class='ocr_line' id='line_1_6' title="bbox 70 953 1173 1035; baseline 0 -19"><span class='ocrx_word' id='word_1_32' title='bbox 70 973 198 1035; x_wconf 88' lang='lat' dir='ltr'><strong>causas,</strong></span> <span class='ocrx_word' id='word_1_33' title='bbox 221 972 303 1035; x_wconf 87' lang='lat' dir='ltr'><strong>quas</strong></span> <span class='ocrx_word' id='word_1_34' title='bbox 325 953 367 1014; x_wconf 92' lang='lat' dir='ltr'><strong>illi</strong></span> <span class='ocrx_word' id='word_1_35' title='bbox 389 962 666 1033; x_wconf 72' lang='lat' dir='ltr'><strong>enumeraveram,</strong></span> <span class='ocrx_word' id='word_1_36' title='bbox 687 953 816 1015; x_wconf 87' lang='lat' dir='ltr'><strong>utlrune</strong></span> <span class='ocrx_word' id='word_1_37' title='bbox 838 954 931 1016; x_wconf 91' lang='lat' dir='ltr'><strong>deum</strong></span> <span class='ocrx_word' id='word_1_38' title='bbox 947 953 1080 1016; x_wconf 90' lang='lat' dir='ltr'><strong>eundem</strong></span> <span class='ocrx_word' id='word_1_39' title='bbox 1095 973 1173 1016; x_wconf 90' lang='lat' dir='ltr'><strong>esse</strong></span> 
     </span>
     <span class='ocr_line' id='line_1_7' title="bbox 69 1045 1171 1145; baseline -0.001 -21"><span class='ocrx_word' id='word_1_40' title='bbox 69 1071 164 1145; x_wconf 86' lang='lat' dir='ltr'><strong>etque</strong></span> <span class='ocrx_word' id='word_1_41' title='bbox 187 1063 367 1142; x_wconf 87' lang='lat' dir='ltr'><strong>Dionysum</strong></span> <span class='ocrx_word' id='word_1_42' title='bbox 390 1045 661 1125; x_wconf 63' lang='lat' dir='ltr'><strong>demonstrarent</strong></span> <span class='ocrx_word' id='word_1_43' title='bbox 683 1061 823 1124; x_wconf 84' lang='lat' dir='ltr'><strong>lodicum</strong></span> <span class='ocrx_word' id='word_1_44' title='bbox 846 1062 928 1124; x_wconf 90' lang='lat' dir='ltr'><strong>enim</strong></span> <span class='ocrx_word' id='word_1_45' title='bbox 950 1061 1042 1122; x_wconf 87' lang='lat' dir='ltr'><strong>deum</strong></span> <span class='ocrx_word' id='word_1_46' title='bbox 1065 1062 1108 1124; x_wconf 89' lang='lat' dir='ltr'><strong>ait</strong></span> <span class='ocrx_word' id='word_1_47' title='bbox 1130 1063 1171 1124; x_wconf 82' lang='lat' dir='ltr'><strong>ud</strong></span> 
     </span>
     <span class='ocr_line' id='line_1_8' title="bbox 70 1167 1260 1251; baseline -0.002 -19"><span class='ocrx_word' id='word_1_48' title='bbox 70 1171 197 1232; x_wconf 77' lang='lat' dir='ltr'><strong>Merum</strong></span> <span class='ocrx_word' id='word_1_49' title='bbox 227 1169 405 1250; x_wconf 87' lang='lat' dir='ltr'><strong>pertinere,</strong></span> <span class='ocrx_word' id='word_1_50' title='bbox 441 1167 501 1230; x_wconf 89' lang='lat' dir='ltr'><strong>coli</strong></span> <span class='ocrx_word' id='word_1_51' title='bbox 533 1167 713 1250; x_wconf 86' lang='lat' dir='ltr'><strong>magnificis</strong></span> <span class='ocrx_word' id='word_1_52' title='bbox 743 1172 869 1250; x_wconf 88' lang='lat' dir='ltr'><strong>pompis</strong></span> <span class='ocrx_word' id='word_1_53' title='bbox 899 1177 931 1230; x_wconf 88' lang='lat' dir='ltr'><strong>et</strong></span> <span class='ocrx_word' id='word_1_54' title='bbox 963 1187 1049 1230; x_wconf 89' lang='lat' dir='ltr'><strong>more</strong></span> <span class='ocrx_word' id='word_1_55' title='bbox 1079 1169 1173 1251; x_wconf 83' lang='lat' dir='ltr'><strong>quasi</strong></span> <span class='ocrx_word' id='word_1_56' title='bbox 1255 1188 1260 1199; x_wconf 95' lang='lat'>·</span> 
     </span>
     <span class='ocr_line' id='line_1_9' title="bbox 69 1275 1175 1359; baseline 0.001 -19"><span class='ocrx_word' id='word_1_57' title='bbox 69 1277 237 1358; x_wconf 84' lang='lat' dir='ltr'><strong>bacehieo,</strong></span> <span class='ocrx_word' id='word_1_58' title='bbox 273 1284 305 1338; x_wconf 88' lang='lat' dir='ltr'><strong>et</strong></span> <span class='ocrx_word' id='word_1_59' title='bbox 326 1285 489 1338; x_wconf 76' lang='lat' dir='ltr'><strong>auctorem</strong></span> <span class='ocrx_word' id='word_1_60' title='bbox 512 1275 615 1337; x_wconf 87' lang='lat' dir='ltr'><strong>fuisse</strong></span> <span class='ocrx_word' id='word_1_61' title='bbox 642 1293 705 1337; x_wconf 91' lang='lat' dir='ltr'><strong>nou</strong></span> <span class='ocrx_word' id='word_1_62' title='bbox 733 1277 828 1339; x_wconf 92' lang='lat' dir='ltr'><strong>modo</strong></span> <span class='ocrx_word' id='word_1_63' title='bbox 858 1277 935 1338; x_wconf 84' lang='lat' dir='ltr'><strong>uitis</strong></span> <span class='ocrx_word' id='word_1_64' title='bbox 961 1276 1175 1359; x_wconf 75' lang='lat' dir='ltr'><strong>frumentique</strong></span> 
     </span>
    </p>
   </div>
   <div class='ocr_carea' id='block_1_3' title="bbox 70 1381 1280 1466">
    <p class='ocr_par' dir='ltr' id='par_1_3' title="bbox 70 1381 1280 1466">
     <span class='ocr_line' id='line_1_10' title="bbox 70 1381 1280 1466; baseline -0.003 -18"><span class='ocrx_word' id='word_1_65' title='bbox 70 1385 125 1448; x_wconf 83' lang='lat' dir='ltr'><strong>sed</strong></span> <span class='ocrx_word' id='word_1_66' title='bbox 149 1385 246 1446; x_wconf 90' lang='lat' dir='ltr'><strong>etiam</strong></span> <span class='ocrx_word' id='word_1_67' title='bbox 270 1383 358 1445; x_wconf 87' lang='lat' dir='ltr'><strong>vitae</strong></span> <span class='ocrx_word' id='word_1_68' title='bbox 381 1382 533 1444; x_wconf 88' lang='lat' dir='ltr'><strong>eruditae.</strong></span> <span class='ocrx_word' id='word_1_69' title='bbox 578 1381 645 1443; x_wconf 84' lang='lat' dir='ltr'><strong>Cur</strong></span> <span class='ocrx_word' id='word_1_70' title='bbox 671 1392 777 1444; x_wconf 88' lang='lat' dir='ltr'><strong>autern</strong></span> <span class='ocrx_word' id='word_1_71' title='bbox 800 1383 980 1465; x_wconf 81' lang='lat' dir='ltr'><strong>Dionysum</strong></span> <span class='ocrx_word' id='word_1_72' title='bbox 1011 1386 1051 1447; x_wconf 87' lang='lat' dir='ltr'><strong>ab</strong></span> <span class='ocrx_word' id='word_1_73' title='bbox 1082 1386 1173 1448; x_wconf 81' lang='lat' dir='ltr'><strong>oeci·</strong></span> <span class='ocrx_word' id='word_1_74' title='bbox 1278 1459 1280 1466; x_wconf 18' lang='lat' dir='ltr'><strong>y</strong></span> 
     </span>
    </p>
   </div>
   <div class='ocr_carea' id='block_1_4' title="bbox 67 1488 1174 2438">
    <p class='ocr_par' dir='ltr' id='par_1_4' title="bbox 70 1488 1174 1687">
     <span class='ocr_line' id='line_1_11' title="bbox 70 1488 1174 1572; baseline 0.002 -18"><span class='ocrx_word' id='word_1_75' title='bbox 70 1493 163 1555; x_wconf 88' lang='lat' dir='ltr'><strong>deute</strong></span> <span class='ocrx_word' id='word_1_76' title='bbox 186 1491 318 1552; x_wconf 87' lang='lat' dir='ltr'><strong>venisse</strong></span> <span class='ocrx_word' id='word_1_77' title='bbox 340 1490 518 1571; x_wconf 89' lang='lat' dir='ltr'><strong>eodemque</strong></span> <span class='ocrx_word' id='word_1_78' title='bbox 541 1488 729 1552; x_wconf 81' lang='lat' dir='ltr'><strong>decessisse</strong></span> <span class='ocrx_word' id='word_1_79' title='bbox 750 1489 932 1572; x_wconf 85' lang='lat' dir='ltr'><strong>crediderit,</strong></span> <span class='ocrx_word' id='word_1_80' title='bbox 961 1492 1097 1554; x_wconf 90' lang='lat' dir='ltr'><strong>noudum</strong></span> <span class='ocrx_word' id='word_1_81' title='bbox 1121 1502 1174 1556; x_wconf 89' lang='lat' dir='ltr'><strong>est</strong></span> 
     </span>
     <span class='ocr_line' id='line_1_12' title="bbox 70 1604 273 1687; baseline -0.015 -23"><span class='ocrx_word' id='word_1_82' title='bbox 70 1604 273 1687; x_wconf 83' lang='lat' dir='ltr'><strong>explicatum.</strong></span> 
     </span>
    </p>

    <p class='ocr_par' dir='ltr' id='par_1_5' title="bbox 67 1694 1173 2438">
     <span class='ocr_line' id='line_1_13' title="bbox 170 1694 1171 1798; baseline 0 -28"><span class='ocrx_word' id='word_1_83' title='bbox 170 1711 240 1790; x_wconf 80' lang='lat' dir='ltr'><strong>Eo,</strong></span> <span class='ocrx_word' id='word_1_84' title='bbox 270 1705 354 1790; x_wconf 91' lang='lat' dir='ltr'><strong>quod</strong></span> <span class='ocrx_word' id='word_1_85' title='bbox 384 1705 424 1768; x_wconf 94' lang='lat' dir='ltr'><strong>de</strong></span> <span class='ocrx_word' id='word_1_86' title='bbox 454 1694 589 1768; x_wconf 79' lang='lat' dir='ltr'><strong>Cris‘n&#39;a</strong></span> <span class='ocrx_word' id='word_1_87' title='bbox 618 1714 650 1769; x_wconf 90' lang='lat' dir='ltr'><strong>et</strong></span> <span class='ocrx_word' id='word_1_88' title='bbox 678 1705 763 1798; x_wconf 64' lang='lat' dir='ltr'><strong>ina</strong></span> <span class='ocrx_word' id='word_1_89' title='bbox 787 1705 882 1787; x_wconf 85' lang='lat' dir='ltr'><strong>dixit,</strong></span> <span class='ocrx_word' id='word_1_90' title='bbox 916 1726 1011 1789; x_wconf 90' lang='lat' dir='ltr'><strong>quum</strong></span> <span class='ocrx_word' id='word_1_91' title='bbox 1040 1707 1171 1770; x_wconf 87' lang='lat' dir='ltr'><strong>deorum</strong></span> 
     </span>
     <span class='ocr_line' id='line_1_14' title="bbox 67 1815 1172 1902; baseline -0.002 -24"><span class='ocrx_word' id='word_1_92' title='bbox 67 1819 199 1880; x_wconf 88' lang='lat' dir='ltr'><strong>istorum</strong></span> <span class='ocrx_word' id='word_1_93' title='bbox 217 1817 334 1878; x_wconf 89' lang='lat' dir='ltr'><strong>uultum</strong></span> <span class='ocrx_word' id='word_1_94' title='bbox 349 1815 597 1896; x_wconf 88' lang='lat' dir='ltr'><strong>antiquissimum</strong></span> <span class='ocrx_word' id='word_1_95' title='bbox 619 1831 694 1876; x_wconf 87' lang='lat' dir='ltr'><strong>esse</strong></span> <span class='ocrx_word' id='word_1_96' title='bbox 704 1816 785 1876; x_wconf 86' lang='lat' dir='ltr'><strong>satis</strong></span> <span class='ocrx_word' id='word_1_97' title='bbox 808 1823 945 1887; x_wconf 88' lang='lat' dir='ltr'><strong>constet,</strong></span> <span class='ocrx_word' id='word_1_98' title='bbox 969 1817 1054 1902; x_wconf 88' lang='lat' dir='ltr'><strong>nullo</strong></span> <span class='ocrx_word' id='word_1_99' title='bbox 1077 1815 1172 1877; x_wconf 89' lang='lat' dir='ltr'><strong>modo</strong></span> 
     </span>
     <span class='ocr_line' id='line_1_15' title="bbox 70 1919 1173 2004; baseline -0.004 -18"><span class='ocrx_word' id='word_1_100' title='bbox 70 1922 213 2004; x_wconf 88' lang='lat' dir='ltr'><strong>explevit</strong></span> <span class='ocrx_word' id='word_1_101' title='bbox 235 1929 376 1983; x_wconf 88' lang='lat' dir='ltr'><strong>nostram</strong></span> <span class='ocrx_word' id='word_1_102' title='bbox 400 1919 509 1980; x_wconf 89' lang='lat' dir='ltr'><strong>ludiae</strong></span> <span class='ocrx_word' id='word_1_103' title='bbox 532 1919 682 2001; x_wconf 88' lang='lat' dir='ltr'><strong>autiquae</strong></span> <span class='ocrx_word' id='word_1_104' title='bbox 703 1919 878 1982; x_wconf 88' lang='lat' dir='ltr'><strong>seientiam.</strong></span> <span class='ocrx_word' id='word_1_105' title='bbox 921 1921 1029 1982; x_wconf 85' lang='lat' dir='ltr'><strong>Maius</strong></span> <span class='ocrx_word' id='word_1_106' title='bbox 1051 1929 1120 1982; x_wconf 88' lang='lat' dir='ltr'><strong>erat</strong></span> <span class='ocrx_word' id='word_1_107' title='bbox 1141 1929 1173 1983; x_wconf 88' lang='lat' dir='ltr'><strong>et</strong></span> 
     </span>
     <span class='ocr_line' id='line_1_16' title="bbox 69 2023 1171 2115; baseline -0.001 -24"><span class='ocrx_word' id='word_1_108' title='bbox 69 2032 214 2115; x_wconf 85' lang='lat' dir='ltr'><strong>gravius,</strong></span> <span class='ocrx_word' id='word_1_109' title='bbox 239 2029 279 2091; x_wconf 90' lang='lat' dir='ltr'><strong>de</strong></span> <span class='ocrx_word' id='word_1_110' title='bbox 300 2023 497 2088; x_wconf 81' lang='lat' dir='ltr'><strong>Buddhaieis</strong></span> <span class='ocrx_word' id='word_1_111' title='bbox 518 2023 634 2087; x_wconf 87' lang='lat' dir='ltr'><strong>dicere.</strong></span> <span class='ocrx_word' id='word_1_112' title='bbox 686 2027 805 2108; x_wconf 90' lang='lat' dir='ltr'><strong>Neque</strong></span> <span class='ocrx_word' id='word_1_113' title='bbox 828 2028 1001 2089; x_wconf 82' lang='lat' dir='ltr'><strong>Alexandri</strong></span> <span class='ocrx_word' id='word_1_114' title='bbox 1034 2031 1171 2090; x_wconf 87' lang='lat' dir='ltr'><strong>comites</strong></span> 
     </span>
     <span class='ocr_line' id='line_1_17' title="bbox 68 2134 1172 2220; baseline -0.005 -18"><span class='ocrx_word' id='word_1_115' title='bbox 68 2141 201 2202; x_wconf 87' lang='lat' dir='ltr'><strong>alteram</strong></span> <span class='ocrx_word' id='word_1_116' title='bbox 223 2146 349 2220; x_wconf 87' lang='lat' dir='ltr'><strong>praeter</strong></span> <span class='ocrx_word' id='word_1_117' title='bbox 372 2134 614 2197; x_wconf 86' lang='lat' dir='ltr'><strong>Bralrmanieam</strong></span> <span class='ocrx_word' id='word_1_118' title='bbox 640 2134 783 2196; x_wconf 88' lang='lat' dir='ltr'><strong>inludia</strong></span> <span class='ocrx_word' id='word_1_119' title='bbox 811 2153 886 2196; x_wconf 87' lang='lat' dir='ltr'><strong>esse</strong></span> <span class='ocrx_word' id='word_1_120' title='bbox 916 2155 1018 2196; x_wconf 86' lang='lat' dir='ltr'><strong>rerum</strong></span> <span class='ocrx_word' id='word_1_121' title='bbox 1044 2137 1172 2198; x_wconf 83' lang='lat' dir='ltr'><strong>divina-</strong></span> 
     </span>
     <span class='ocr_line' id='line_1_18' title="bbox 67 2241 1172 2324; baseline -0.006 -16"><span class='ocrx_word' id='word_1_122' title='bbox 67 2267 132 2310; x_wconf 90' lang='lat' dir='ltr'><strong>rum</strong></span> <span class='ocrx_word' id='word_1_123' title='bbox 157 2246 333 2308; x_wconf 89' lang='lat' dir='ltr'><strong>doctrinam</strong></span> <span class='ocrx_word' id='word_1_124' title='bbox 355 2242 591 2322; x_wconf 85' lang='lat' dir='ltr'><strong>intellexerant,</strong></span> <span class='ocrx_word' id='word_1_125' title='bbox 621 2259 725 2324; x_wconf 89' lang='lat' dir='ltr'><strong>neque</strong></span> <span class='ocrx_word' id='word_1_126' title='bbox 752 2242 804 2322; x_wconf 87' lang='lat' dir='ltr'><strong>qni</strong></span> <span class='ocrx_word' id='word_1_127' title='bbox 835 2241 895 2302; x_wconf 91' lang='lat' dir='ltr'><strong>hes</strong></span> <span class='ocrx_word' id='word_1_128' title='bbox 917 2251 1172 2304; x_wconf 86' lang='lat' dir='ltr'><strong>antecesserunt.</strong></span> 
     </span>
     <span class='ocr_line' id='line_1_19' title="bbox 68 2334 1171 2438; baseline -0.005 -22"><span class='ocrx_word' id='word_1_129' title='bbox 68 2352 304 2438; x_wconf 74' lang='lat' dir='ltr'><strong>Megasthenes</strong></span> <span class='ocrx_word' id='word_1_130' title='bbox 327 2350 433 2422; x_wconf 86' lang='lat' dir='ltr'><strong>relert,</strong></span> <span class='ocrx_word' id='word_1_131' title='bbox 464 2349 495 2410; x_wconf 91' lang='lat' dir='ltr'><strong>iu</strong></span> <span class='ocrx_word' id='word_1_132' title='bbox 517 2347 608 2409; x_wconf 86' lang='lat' dir='ltr'><strong>ludio</strong></span> <span class='ocrx_word' id='word_1_133' title='bbox 630 2366 706 2410; x_wconf 86' lang='lat' dir='ltr'><strong>esse</strong></span> <span class='ocrx_word' id='word_1_134' title='bbox 728 2335 787 2408; x_wconf 81' lang='grc' dir='ltr'><strong>δύο</strong></span> <span class='ocrx_word' id='word_1_135' title='bbox 809 2341 882 2430; x_wconf 78' lang='grc' dir='ltr'><strong>γένη</strong></span> <span class='ocrx_word' id='word_1_136' title='bbox 903 2335 1105 2432; x_wconf 79' lang='grc' dir='ltr'><strong><em>φιλοσόφων,</em></strong></span> <span class='ocrx_word' id='word_1_137' title='bbox 1126 2334 1171 2410; x_wconf 85' lang='grc' dir='ltr'><strong>ὦν</strong></span> 
     </span>
    </p>
   </div>
   <div class='ocr_carea' id='block_1_5' title="bbox 67 2442 1171 2974">
    <p class='ocr_par' dir='ltr' id='par_1_6' title="bbox 67 2442 1171 2974">
     <span class='ocr_line' id='line_1_20' title="bbox 71 2442 1169 2542; baseline -0.008 -19"><span class='ocrx_word' id='word_1_138' title='bbox 71 2451 144 2535; x_wconf 76' lang='grc' dir='ltr'><strong>τούς</strong></span> <span class='ocrx_word' id='word_1_139' title='bbox 165 2455 226 2540; x_wconf 80' lang='grc' dir='ltr'><strong>μὲν</strong></span> <span class='ocrx_word' id='word_1_140' title='bbox 248 2449 499 2542; x_wconf 74' lang='grc' dir='ltr'><strong><em>Βραχμᾶνας</em></strong></span> <span class='ocrx_word' id='word_1_141' title='bbox 521 2448 624 2529; x_wconf 83' lang='grc' dir='ltr'><strong><em>καλεῖ,</em></strong></span> <span class='ocrx_word' id='word_1_142' title='bbox 645 2443 722 2526; x_wconf 76' lang='grc' dir='ltr'><strong>τούς</strong></span> <span class='ocrx_word' id='word_1_143' title='bbox 744 2449 781 2515; x_wconf 80' lang='grc' dir='ltr'><strong>δὲ</strong></span> <span class='ocrx_word' id='word_1_144' title='bbox 806 2442 1030 2538; x_wconf 79' lang='grc' dir='ltr'><strong><em>Σαρμᾶνας</em></strong></span> <span class='ocrx_word' id='word_1_145' title='bbox 1060 2457 1169 2520; x_wconf 85' lang='lat' dir='ltr'><strong>Streb.</strong></span> 
     </span>
     <span class='ocr_line' id='line_1_21' title="bbox 67 2553 1170 2646; baseline -0.006 -15"><span class='ocrx_word' id='word_1_146' title='bbox 67 2570 190 2644; x_wconf 68' lang='grc'><strong>71244).</strong></span> <span class='ocrx_word' id='word_1_147' title='bbox 231 2567 304 2628; x_wconf 85' lang='grc' dir='ltr'><strong>Ηοο</strong></span> <span class='ocrx_word' id='word_1_148' title='bbox 324 2553 423 2646; x_wconf 85' lang='lat' dir='ltr'><strong>igitui</strong></span> <span class='ocrx_word' id='word_1_149' title='bbox 452 2567 502 2620; x_wconf 87' lang='lat' dir='ltr'><strong>est</strong></span> <span class='ocrx_word' id='word_1_150' title='bbox 532 2559 728 2640; x_wconf 84' lang='lat' dir='ltr'><strong>quaestionis</strong></span> <span class='ocrx_word' id='word_1_151' title='bbox 762 2568 875 2642; x_wconf 87' lang='lat' dir='ltr'><strong>caput,</strong></span> <span class='ocrx_word' id='word_1_152' title='bbox 909 2563 1086 2624; x_wconf 83' lang='lat' dir='ltr'><strong>Sermonae</strong></span> <span class='ocrx_word' id='word_1_153' title='bbox 1118 2563 1170 2644; x_wconf 90' lang='lat' dir='ltr'><strong>qui</strong></span> 
     </span>
     <span class='ocr_line' id='line_1_22' title="bbox 68 2667 1171 2756; baseline -0.01 -15"><span class='ocrx_word' id='word_1_154' title='bbox 68 2681 136 2742; x_wconf 85' lang='lat' dir='ltr'><strong>sint.</strong></span> <span class='ocrx_word' id='word_1_155' title='bbox 182 2677 274 2754; x_wconf 81' lang='lat' dir='ltr'><strong>Quos</strong></span> <span class='ocrx_word' id='word_1_156' title='bbox 296 2675 349 2736; x_wconf 86' lang='lat' dir='ltr'><strong>alii</strong></span> <span class='ocrx_word' id='word_1_157' title='bbox 371 2668 576 2733; x_wconf 85' lang='lat' dir='ltr'><strong>Buddlraicos</strong></span> <span class='ocrx_word' id='word_1_158' title='bbox 598 2685 673 2730; x_wconf 88' lang='lat' dir='ltr'><strong>csse</strong></span> <span class='ocrx_word' id='word_1_159' title='bbox 695 2667 852 2743; x_wconf 87' lang='lat' dir='ltr'><strong>dixerunt,</strong></span> <span class='ocrx_word' id='word_1_160' title='bbox 881 2679 1083 2756; x_wconf 78' lang='lat' dir='ltr'><strong>negaverunt</strong></span> <span class='ocrx_word' id='word_1_161' title='bbox 1104 2671 1171 2745; x_wconf 91' lang='lat' dir='ltr'><strong>alii,</strong></span> 
     </span>
     <span class='ocr_line' id='line_1_23' title="bbox 69 2775 1169 2868; baseline -0.009 -20"><span class='ocrx_word' id='word_1_162' title='bbox 69 2788 192 2868; x_wconf 91' lang='lat' dir='ltr'><strong>utrique</strong></span> <span class='ocrx_word' id='word_1_163' title='bbox 214 2782 320 2844; x_wconf 83' lang='lat' dir='ltr'><strong>causis</strong></span> <span class='ocrx_word' id='word_1_164' title='bbox 341 2798 404 2840; x_wconf 91' lang='lat' dir='ltr'><strong>nou</strong></span> <span class='ocrx_word' id='word_1_165' title='bbox 426 2776 551 2838; x_wconf 89' lang='lat' dir='ltr'><strong>levibus</strong></span> <span class='ocrx_word' id='word_1_166' title='bbox 579 2776 637 2844; x_wconf 87' lang='lat' dir='ltr'><strong>usi.</strong></span> <span class='ocrx_word' id='word_1_167' title='bbox 689 2775 842 2836; x_wconf 80' lang='lat' dir='ltr'><strong>Attamen</strong></span> <span class='ocrx_word' id='word_1_168' title='bbox 870 2795 979 2842; x_wconf 88' lang='lat' dir='ltr'><strong>eorum</strong></span> <span class='ocrx_word' id='word_1_169' title='bbox 1009 2779 1169 2840; x_wconf 85' lang='lat' dir='ltr'><strong>sententia</strong></span> 
     </span>
     <span class='ocr_line' id='line_1_24' title="bbox 68 2879 1169 2974; baseline -0.007 -21"><span class='ocrx_word' id='word_1_170' title='bbox 68 2893 197 2974; x_wconf 89' lang='lat' dir='ltr'><strong>propius</strong></span> <span class='ocrx_word' id='word_1_171' title='bbox 219 2886 345 2950; x_wconf 87' lang='lat' dir='ltr'><strong>videtur</strong></span> <span class='ocrx_word' id='word_1_172' title='bbox 367 2881 407 2945; x_wconf 85' lang='lat' dir='ltr'><strong>ad</strong></span> <span class='ocrx_word' id='word_1_173' title='bbox 433 2884 602 2944; x_wconf 87' lang='lat' dir='ltr'><strong>veritatem</strong></span> <span class='ocrx_word' id='word_1_174' title='bbox 624 2879 793 2962; x_wconf 79' lang='lat' dir='ltr'><strong>accedere,</strong></span> <span class='ocrx_word' id='word_1_175' title='bbox 816 2879 868 2963; x_wconf 91' lang='lat' dir='ltr'><strong>qni</strong></span> <span class='ocrx_word' id='word_1_176' title='bbox 891 2900 969 2944; x_wconf 80' lang='lat' dir='ltr'><strong>esse</strong></span> <span class='ocrx_word' id='word_1_177' title='bbox 998 2901 1057 2946; x_wconf 90' lang='lat' dir='ltr'><strong>eos</strong></span> <span class='ocrx_word' id='word_1_178' title='bbox 1077 2882 1169 2947; x_wconf 90' lang='lat' dir='ltr'><strong>Bud-</strong></span> 
     </span>
    </p>
   </div>
   <div class='ocr_carea' id='block_1_6' title="bbox 66 3113 1174 3362">
    <p class='ocr_par' dir='ltr' id='par_1_7' title="bbox 66 3113 1174 3362">
     <span class='ocr_line' id='line_1_25' title="bbox 66 3113 1168 3178; baseline -0.004 -10"><span class='ocrx_word' id='word_1_179' title='bbox 66 3117 111 3178; x_wconf 77' lang='lat' dir='ltr'><strong>tt)</strong></span> <span class='ocrx_word' id='word_1_180' title='bbox 131 3117 254 3166; x_wconf 84' lang='lat' dir='ltr'><strong>Eundem</strong></span> <span class='ocrx_word' id='word_1_181' title='bbox 271 3115 362 3164; x_wconf 86' lang='lat' dir='ltr'><strong>locum</strong></span> <span class='ocrx_word' id='word_1_182' title='bbox 380 3113 504 3166; x_wconf 82' lang='lat' dir='ltr'><strong>clemens</strong></span> <span class='ocrx_word' id='word_1_183' title='bbox 521 3113 722 3165; x_wconf 81' lang='lat' dir='ltr'><strong>Alexandrinus</strong></span> <span class='ocrx_word' id='word_1_184' title='bbox 736 3119 835 3168; x_wconf 79' lang='lat' dir='ltr'><strong>strom.</strong></span> <span class='ocrx_word' id='word_1_185' title='bbox 846 3119 866 3165; x_wconf 91' lang='lat' dir='ltr'><strong>l.</strong></span> <span class='ocrx_word' id='word_1_186' title='bbox 885 3129 910 3177; x_wconf 89' lang='lat' dir='ltr'><strong>p.</strong></span> <span class='ocrx_word' id='word_1_187' title='bbox 927 3115 994 3164; x_wconf 78' lang='lat'><strong>1³1.</strong></span> <span class='ocrx_word' id='word_1_188' title='bbox 1013 3114 1092 3175; x_wconf 76' lang='lat' dir='ltr'><strong>Syllo.</strong></span> <span class='ocrx_word' id='word_1_189' title='bbox 1110 3121 1168 3164; x_wconf 84' lang='lat' dir='ltr'><strong>tru-</strong></span> 
     </span>
     <span class='ocr_line' id='line_1_26' title="bbox 129 3207 1174 3273; baseline 0 -15"><span class='ocrx_word' id='word_1_190' title='bbox 129 3207 205 3273; x_wconf 82' lang='lat' dir='ltr'><strong>didit,</strong></span> <span class='ocrx_word' id='word_1_191' title='bbox 223 3219 300 3269; x_wconf 91' lang='lat' dir='ltr'><strong>quem</strong></span> <span class='ocrx_word' id='word_1_192' title='bbox 319 3207 499 3270; x_wconf 82' lang='lat' dir='ltr'><strong>Megasthene</strong></span> <span class='ocrx_word' id='word_1_193' title='bbox 517 3213 627 3258; x_wconf 85' lang='lat' dir='ltr'><strong>auctore</strong></span> <span class='ocrx_word' id='word_1_194' title='bbox 645 3221 722 3258; x_wconf 85' lang='lat' dir='ltr'><strong>nsum</strong></span> <span class='ocrx_word' id='word_1_195' title='bbox 741 3223 810 3272; x_wconf 81' lang='lat' dir='ltr'><strong>esse,</strong></span> <span class='ocrx_word' id='word_1_196' title='bbox 834 3221 867 3257; x_wconf 80' lang='lat' dir='ltr'><strong>ex</strong></span> <span class='ocrx_word' id='word_1_197' title='bbox 884 3209 953 3258; x_wconf 85' lang='lat' dir='ltr'><strong>loeis</strong></span> <span class='ocrx_word' id='word_1_198' title='bbox 971 3208 998 3257; x_wconf 87' lang='lat' dir='ltr'><strong>in</strong></span> <span class='ocrx_word' id='word_1_199' title='bbox 1021 3208 1092 3256; x_wconf 77' lang='lat' dir='ltr'><strong>lione</strong></span> <span class='ocrx_word' id='word_1_200' title='bbox 1108 3219 1174 3258; x_wconf 85' lang='lat' dir='ltr'><strong>mo-</strong></span> 
     </span>
     <span class='ocr_line' id='line_1_27' title="bbox 120 3293 660 3362; baseline -0.002 -14"><span class='ocrx_word' id='word_1_201' title='bbox 120 3293 193 3348; x_wconf 70' lang='lat' dir='ltr'><strong>&#39;dum</strong></span> <span class='ocrx_word' id='word_1_202' title='bbox 212 3295 368 3360; x_wconf 83' lang='lat' dir='ltr'><strong>compositis</strong></span> <span class='ocrx_word' id='word_1_203' title='bbox 385 3297 466 3347; x_wconf 74' lang='lat' dir='ltr'><strong>facile</strong></span> <span class='ocrx_word' id='word_1_204' title='bbox 484 3298 660 3362; x_wconf 82' lang='lat' dir='ltr'><strong>intelligitur:</strong></span> 
     </span>
    </p>
   </div>
   <div class='ocr_carea' id='block_1_7' title="bbox 266 3438 1129 3492">
    <p class='ocr_par' dir='ltr' id='par_1_8' title="bbox 266 3438 1129 3492">
     <span class='ocr_line' id='line_1_28' title="bbox 266 3438 1129 3492; baseline 0.002 -4"><span class='ocrx_word' id='word_1_205' title='bbox 266 3439 356 3488; x_wconf 80' lang='lat' dir='ltr'><strong>strab.</strong></span> <span class='ocrx_word' id='word_1_206' title='bbox 374 3438 535 3490; x_wconf 67' lang='lat' dir='ltr'><strong>ete-urs.</strong></span> <span class='ocrx_word' id='word_1_207' title='bbox 707 3440 791 3492; x_wconf 81' lang='lat' dir='ltr'><strong>clem.</strong></span> <span class='ocrx_word' id='word_1_208' title='bbox 809 3439 887 3491; x_wconf 79' lang='lat' dir='ltr'><strong>Alex.</strong></span> <span class='ocrx_word' id='word_1_209' title='bbox 905 3442 1005 3492; x_wconf 74' lang='lat' dir='ltr'><strong>Strom.</strong></span> <span class='ocrx_word' id='word_1_210' title='bbox 1023 3441 1046 3490; x_wconf 88' lang='lat'><strong>1.</strong></span> <span class='ocrx_word' id='word_1_211' title='bbox 1066 3439 1129 3492; x_wconf 87' lang='lat' dir='ltr'><strong>tat.</strong></span> 
     </span>
    </p>
   </div>
   <div class='ocr_carea' id='block_1_8' title="bbox 126 3566 1171 4364">
    <p class='ocr_par' dir='ltr' id='par_1_9' title="bbox 126 3566 1171 3643">
     <span class='ocr_line' id='line_1_29' title="bbox 126 3566 1171 3643; baseline 0 -23"><span class='ocrx_word' id='word_1_212' title='bbox 126 3566 221 3637; x_wconf 65' lang='lat' dir='ltr'><strong>&#39;Attqr</strong></span> <span class='ocrx_word' id='word_1_213' title='bbox 255 3567 284 3619; x_wconf 74' lang='lat' dir='ltr'><strong>ii</strong></span> <span class='ocrx_word' id='word_1_214' title='bbox 309 3569 423 3640; x_wconf 71' lang='grc' dir='ltr'><strong><em>διαίρεσιν</em></strong></span> <span class='ocrx_word' id='word_1_215' title='bbox 449 3579 556 3622; x_wconf 78' lang='grc' dir='ltr'><strong><em>ποιεῖται</em></strong></span> <span class='ocrx_word' id='word_1_216' title='bbox 577 3575 634 3642; x_wconf 76' lang='grc' dir='ltr'><strong>περὶ</strong></span> <span class='ocrx_word' id='word_1_217' title='bbox 667 3577 827 3643; x_wconf 68' lang='grc' dir='ltr'><strong><em>Προιότρσαν</em></strong></span> <span class='ocrx_word' id='word_1_218' title='bbox 844 3579 885 3640; x_wconf 79' lang='grc' dir='ltr'><strong>τῆς</strong></span> <span class='ocrx_word' id='word_1_219' title='bbox 902 3577 1040 3641; x_wconf 75' lang='grc' dir='ltr'><em>φιλοσοφίας</em></span> <span class='ocrx_word' id='word_1_220' title='bbox 1058 3601 1074 3612; x_wconf 89' lang='grc'>-</span> <span class='ocrx_word' id='word_1_221' title='bbox 1090 3599 1105 3610; x_wconf 93' lang='grc'>-</span> <span class='ocrx_word' id='word_1_222' title='bbox 1120 3568 1171 3621; x_wconf 86' lang='grc' dir='ltr'><strong>Ἰν-</strong></span> 
     </span>
    </p>

    <p class='ocr_par' dir='ltr' id='par_1_10' title="bbox 167 3659 1169 3819">
     <span class='ocr_line' id='line_1_30' title="bbox 167 3659 1169 3733; baseline 0.001 -23"><span class='ocrx_word' id='word_1_223' title='bbox 167 3664 217 3711; x_wconf 81' lang='lat' dir='ltr'><strong>roir</strong></span> <span class='ocrx_word' id='word_1_224' title='bbox 235 3659 379 3726; x_wconf 75' lang='grc' dir='ltr'><strong><em>φιλοσόφων,</em></strong></span> <span class='ocrx_word' id='word_1_225' title='bbox 700 3663 751 3715; x_wconf 80' lang='grc' dir='ltr'><strong>δῶν</strong></span> <span class='ocrx_word' id='word_1_226' title='bbox 776 3683 803 3716; x_wconf 81' lang='grc' dir='ltr'><strong>τε</strong></span> <span class='ocrx_word' id='word_1_227' title='bbox 825 3663 850 3714; x_wconf 81' lang='grc' dir='ltr'><strong>οῗ</strong></span> <span class='ocrx_word' id='word_1_228' title='bbox 874 3667 1077 3733; x_wconf 78' lang='grc' dir='ltr'><strong><em>γυμνοσοφιστοὶ,</em></strong></span> <span class='ocrx_word' id='word_1_229' title='bbox 1101 3663 1169 3712; x_wconf 70' lang='grc' dir='ltr'><strong><em>ἄλλοι</em></strong></span> 
     </span>
     <span class='ocr_line' id='line_1_31' title="bbox 700 3751 1020 3819; baseline -0.013 -15"><span class='ocrx_word' id='word_1_230' title='bbox 700 3771 729 3804; x_wconf 76' lang='grc' dir='ltr'><strong>τε</strong></span> <span class='ocrx_word' id='word_1_231' title='bbox 745 3751 869 3819; x_wconf 69' lang='grc' dir='ltr'><strong><em>φιλόσοφοι</em></strong></span> <span class='ocrx_word' id='word_1_232' title='bbox 885 3752 1020 3819; x_wconf 67' lang='grc' dir='ltr'><strong><em>βάρβαροι·</em></strong></span> 
     </span>
    </p>

    <p class='ocr_par' dir='ltr' id='par_1_11' title="bbox 133 3839 1056 3912">
     <span class='ocr_line' id='line_1_32' title="bbox 133 3839 1056 3912; baseline -0.004 -18"><span class='ocrx_word' id='word_1_233' title='bbox 133 3841 180 3894; x_wconf 85' lang='lat' dir='ltr'><strong>dv&#39;o</strong></span> <span class='ocrx_word' id='word_1_234' title='bbox 197 3845 255 3912; x_wconf 65' lang='grc' dir='ltr'><strong>γένη</strong></span> <span class='ocrx_word' id='word_1_235' title='bbox 271 3839 379 3909; x_wconf 62' lang='grc' dir='ltr'><em>φάσκων,</em></span> <span class='ocrx_word' id='word_1_236' title='bbox 666 3843 755 3896; x_wconf 77' lang='grc' dir='ltr'><strong><em>διττόν</em></strong></span> <span class='ocrx_word' id='word_1_237' title='bbox 773 3843 802 3895; x_wconf 75' lang='lat' dir='ltr'><strong>d&#39;e</strong></span> <span class='ocrx_word' id='word_1_238' title='bbox 819 3842 916 3896; x_wconf 78' lang='grc' dir='ltr'><strong><em>τούτων</em></strong></span> <span class='ocrx_word' id='word_1_239' title='bbox 931 3842 961 3892; x_wconf 79' lang='grc' dir='ltr'><strong>τό</strong></span> <span class='ocrx_word' id='word_1_240' title='bbox 978 3847 1056 3907; x_wconf 68' lang='grc' dir='ltr'><strong><em>γένος,</em></strong></span> 
     </span>
    </p>

    <p class='ocr_par' dir='ltr' id='par_1_12' title="bbox 132 3927 1051 4004">
     <span class='ocr_line' id='line_1_33' title="bbox 132 3927 1051 4004; baseline -0.005 -19"><span class='ocrx_word' id='word_1_241' title='bbox 132 3927 167 3985; x_wconf 71' lang='grc' dir='ltr'><strong>ὧν</strong></span> <span class='ocrx_word' id='word_1_242' title='bbox 184 3933 240 3992; x_wconf 68' lang='lat' dir='ltr'><strong>rode</strong></span> <span class='ocrx_word' id='word_1_243' title='bbox 257 3935 307 4001; x_wconf 71' lang='lat' dir='ltr'><strong>pir</strong></span> <span class='ocrx_word' id='word_1_244' title='bbox 324 3936 524 4004; x_wconf 74' lang='grc' dir='ltr'><strong><em>Βραχμᾶνας</em></strong></span> <span class='ocrx_word' id='word_1_245' title='bbox 541 3933 635 3997; x_wconf 59' lang='lat' dir='ltr'><strong>aaut,</strong></span> <span class='ocrx_word' id='word_1_246' title='bbox 666 3935 689 3987; x_wconf 80' lang='lat' dir='ltr'><strong>oi</strong></span> <span class='ocrx_word' id='word_1_247' title='bbox 709 3938 758 4002; x_wconf 78' lang='grc' dir='ltr'><strong>μὲν</strong></span> <span class='ocrx_word' id='word_1_248' title='bbox 774 3934 945 4003; x_wconf 79' lang='grc' dir='ltr'><strong><em>Σαρμᾶνοι</em></strong></span> <span class='ocrx_word' id='word_1_249' title='bbox 961 3927 1051 3992; x_wconf 75' lang='grc' dir='ltr'><strong><em>οὔτῶν,</em></strong></span> 
     </span>
    </p>

    <p class='ocr_par' dir='ltr' id='par_1_13' title="bbox 131 4021 1128 4094">
     <span class='ocr_line' id='line_1_34' title="bbox 131 4021 1128 4094; baseline -0.002 -19"><span class='ocrx_word' id='word_1_250' title='bbox 131 4023 188 4083; x_wconf 74' lang='lat' dir='ltr'><strong>rode</strong></span> <span class='ocrx_word' id='word_1_251' title='bbox 206 4023 233 4076; x_wconf 68' lang='lat' dir='ltr'><strong>oie</strong></span> <span class='ocrx_word' id='word_1_252' title='bbox 250 4021 450 4094; x_wconf 76' lang='grc' dir='ltr'><strong><em>Σαρμοῖνοις.</em></strong></span> <span class='ocrx_word' id='word_1_253' title='bbox 669 4023 692 4076; x_wconf 81' lang='lat' dir='ltr'><strong>oi</strong></span> <span class='ocrx_word' id='word_1_254' title='bbox 710 4025 738 4076; x_wconf 78' lang='lat' dir='ltr'><strong>di</strong></span> <span class='ocrx_word' id='word_1_255' title='bbox 756 4022 951 4092; x_wconf 75' lang='grc' dir='ltr'><strong><em>Βροιχμᾶναι</em></strong></span> <span class='ocrx_word' id='word_1_256' title='bbox 968 4022 1128 4090; x_wconf 76' lang='grc' dir='ltr'><strong><em>καλούμενοι·</em></strong></span> 
     </span>
    </p>

    <p class='ocr_par' dir='ltr' id='par_1_14' title="bbox 135 4113 933 4186">
     <span class='ocr_line' id='line_1_35' title="bbox 135 4113 933 4186; baseline -0.001 -21"><span class='ocrx_word' id='word_1_257' title='bbox 135 4113 197 4173; x_wconf 70' lang='lat' dir='ltr'><strong>Tov&#39;c</strong></span> <span class='ocrx_word' id='word_1_258' title='bbox 215 4113 244 4165; x_wconf 71' lang='lat' dir='ltr'><strong>di</strong></span> <span class='ocrx_word' id='word_1_259' title='bbox 260 4113 403 4186; x_wconf 79' lang='grc' dir='ltr'><strong><em>Σαρμοὶνος,</em></strong></span> <span class='ocrx_word' id='word_1_260' title='bbox 667 4120 707 4168; x_wconf 80' lang='grc' dir='ltr'><strong>καὶ</strong></span> <span class='ocrx_word' id='word_1_261' title='bbox 725 4119 774 4166; x_wconf 82' lang='grc' dir='ltr'><strong>τῶν</strong></span> <span class='ocrx_word' id='word_1_262' title='bbox 790 4115 933 4182; x_wconf 80' lang='grc' dir='ltr'><strong><em>Σορμανῶν</em></strong></span> 
     </span>
    </p>

    <p class='ocr_par' dir='ltr' id='par_1_15' title="bbox 132 4203 1098 4364">
     <span class='ocr_line' id='line_1_36' title="bbox 132 4203 1098 4279; baseline 0.003 -24"><span class='ocrx_word' id='word_1_263' title='bbox 132 4203 189 4263; x_wconf 69' lang='grc' dir='ltr'><strong>τούς</strong></span> <span class='ocrx_word' id='word_1_264' title='bbox 215 4207 264 4272; x_wconf 70' lang='grc' dir='ltr'><strong>μὶν</strong></span> <span class='ocrx_word' id='word_1_265' title='bbox 290 4204 473 4273; x_wconf 67' lang='grc' dir='ltr'><strong>ἰντιμωτᾶτους</strong></span> <span class='ocrx_word' id='word_1_266' title='bbox 502 4204 632 4273; x_wconf 76' lang='lat' dir='ltr'><strong>‘Ytopt-</strong></span> <span class='ocrx_word' id='word_1_267' title='bbox 664 4204 842 4271; x_wconf 73' lang='grc' dir='ltr'><strong><em>οἱὙλὸβιοι</em></strong></span> <span class='ocrx_word' id='word_1_268' title='bbox 859 4203 1098 4279; x_wconf 71' lang='grc' dir='ltr'><strong>προσαγορευόμενοι</strong></span> 
     </span>
     <span class='ocr_line' id='line_1_37' title="bbox 165 4293 402 4364; baseline 0.008 -18"><span class='ocrx_word' id='word_1_269' title='bbox 165 4313 218 4355; x_wconf 78' lang='grc' dir='ltr'><strong>ους</strong></span> <span class='ocrx_word' id='word_1_270' title='bbox 233 4293 402 4364; x_wconf 70' lang='grc' dir='ltr'><strong>ὅνομᾶζεοθαι</strong></span> 
     </span>
    </p>
   </div>
   <div class='ocr_carea' id='block_1_9' title="bbox 0 0 1416 4786">
    <p class='ocr_par' dir='ltr' id='par_1_16' title="bbox 0 0 1416 4786">
     <span class='ocr_line' id='line_1_38' title="bbox 0 0 1416 4786; baseline 0 2"><span class='ocrx_word' id='word_1_271' title='bbox 0 0 1416 4786; x_wconf 95' lang='lat' dir='ltr'><strong> </strong></span> 
     </span>
    </p>
   </div>
  </div>
 </body>
</html>
