2822 4786
551 347 756 410 ...19-

103 534 250 599 moerlloe
270 532 499 614 demonstrent,
522 540 597 614 post
618 529 717 595 molta
737 529 868 593 soeculo
889 526 1113 612 conscriptae?
1141 529 1196 592 la·

104 663 227 727 vanae,
250 640 335 725 quod
365 640 492 723 quidem
521 640 698 720 posteriore
719 646 862 718 tempore
885 637 979 700 etiem
999 635 1198 702 Graecorum

104 761 156 814 est
176 770 291 813 nomeu
313 749 474 830 lnrlicom,
498 747 647 830 sstempore
668 747 730 809 iam
753 746 970 827 antiquissimo
990 763 1073 828 gens
1096 763 1198 828 quae·

104 860 177 922 dam
200 859 394 940 nominatur,
417 877 511 942 quam
533 857 603 920 lurli
624 858 654 919 in
676 857 791 920 finibus
812 856 924 919 Indiae
945 858 1024 919 iuter
1046 873 1196 918 occasum

104 975 138 1035 et
165 971 400 1047 septentriones
429 965 571 1027 hahitare
598 965 779 1046 perhibent3
818 963 993 1046 eodemque
1020 966 1081 1027 iam
1114 963 1199 1046 apud

102 1073 235 1136 Manum
255 1074 296 1136 X.
311 1074 360 1134 44.
383 1093 445 1136 uua
466 1093 535 1136 cum
558 1061 754 1156 Chmhhg'is,
777 1075 889 1156 Sacis,
911 1072 1055 1153 paradis,
1078 1073 1201 1154 Pallia·

101 1185 167 1264 viS,
191 1182 309 1245 Cirritis
330 1181 563 1264 interXalrijas
579 1182 772 1265 depravatos
794 1189 1003 1244 enumeratur.
1025 1173 1099 1263 (Of.
1113 1181 1202 1243 Loe-

102 1310 181 1352 oen:
209 1291 369 1352 Zeitsolrr.
391 1295 452 1370 seir
472 1294 523 1352 die
544 1291 662 1352 Kunde
682 1293 739 1352 dee
758 1289 991 1367 Moryeulands
1013 1290 1079 1350 111.
1098 1284 1200 1373 215.)

102 1400 161 1462 Isti
186 1400 283 1480 igitur
302 1401 444 1461 ravenae
472 1399 536 1460 hoo
562 1417 686 1481 quoque
709 1399 779 1459 loco
802 1395 998 1480 intelligendi
1018 1407 1107 1478 sunt,
1138 1417 1201 1480 quo

104 1525 171 1568 une
194 1523 263 1567 curu
286 1504 402 1566 iisdem
425 1507 598 1588 gentibus,
621 1505 806 1587 quibuscum
828 1505 948 1582 solent,
973 1514 1202 1567 enumerantur.

104 1614 258 1677 Ceterum
274 1614 466 1675 Lassenium
487 1633 549 1674 non
572 1613 644 1675 idoo
668 1613 814 1675 attulisse
828 1610 1082 1675 Mudrhrrixasee
1097 1613 1202 1676 locoru

102 1721 248 1802 arbitror,
270 1740 332 1802 quo
352 1722 555 1802 longinquam
568 1720 695 1782 Seleuci
713 1719 946 1801 expeditionem
958 1719 1201 1803 demonstraret,

102 1827 165 1890 sed
194 1836 365 1910 propterea
392 1827 514 1907 solum,
544 1835 581 1887 ut
614 1845 704 1902 earn,
732 1845 826 1908 quoru
858 1845 899 1890 ex
924 1827 1025 1891 Plinio
1054 1836 1202 1892 constare

104 1935 255 2018 putabat,
277 1934 432 1996 hocloco
453 1932 637 1994 illustraret.

190 2042 235 2104 Ur
255 2042 418 2104 lirrnarent
446 2058 576 2122 paoem,
603 2057 697 2122 quam
717 2040 880 2120 fecerent,
904 2061 1000 2125 roges
1015 2042 1204 2108 affinitatem

100 2149 298 2231 jungebant,
330 2147 444 2210 eodem
475 2147 614 2210 fortasse
641 2156 804 2231 tempore,
832 2167 894 2231 quo
921 2155 1081 2232 pacem9).
1130 2150 1203 2231 Qua

109 2256 247 2316 emioitia
269 2256 389 2317 factum
413 2264 481 2334 est,
516 2263 550 2317 ut
576 2255 616 2317 arl
644 2257 777 2320 alterum
805 2257 885 2320 alter
906 2259 1033 2341 legatos
1054 2261 1203 2325 mitteret.

105 2363 158 2424 lta
185 2381 241 2443 per
268 2363 436 2424 transitum
468 2383 511 2425 ex
537 2363 720 2445 Phylarcho
746 2363 893 2428 aurlirnus
914 2366 1016 2448 (apud
1038 2365 1152 2430 Athen.
1173 2389 1204 2451 p.

106 2471 158 2532 18.
179 2471 234 2544 D.)
256 2458 528 2555 K'eudraguptam
557 2472 639 2535 dona
671 2474 750 2535 satis
782 2473 860 2534 mire
888 2474 1030 2538 Seleuco
1058 2477 1203 2540 misisse:

103 2561 278 2660 Φύλαρχος
294 2571 332 2638 δὲ
345 2563 596 2663 Σανδρόκνπτόν
613 2592 696 2661 φησι
716 2566 773 2638 τὸν
790 2567 893 2639 Ἰνδῶν
904 2574 1043 2658 βασιλέα
1056 2569 1206 2664 Σελεύκῳ

103 2672 189 2764 μεθ’
210 2671 254 2746 ὦν
275 2675 410 2772 ἔπεμψε
424 2672 545 2770 δώρων
566 2672 762 2748 ἀποστελεῖν
779 2705 867 2758 τινας
884 2673 1038 2766 δυνάμεις
1053 2679 1206 2764 στντινιοές

102 2779 271 2869 τοιαύτας,
297 2780 343 2866 αῖς
370 2781 437 2854 ὑπο
464 2783 542 2868 τούς
569 2782 677 2868 πόδας
696 2789 874 2875 τιθεμένας
892 2791 957 2857 ταῖν
978 2785 1207 2888 συνουσιαζόν-

102 2919 172 2960 των
182 2885 242 2973 οἷς
261 2895 321 2980 μὲν
342 2888 450 2985 ὀρμσῖς
469 2894 620 2982 ἐμποιεῖν
643 2891 787 2988 ὀρνίθιον
816 2897 925 2988 δίκην,
953 2893 1010 2977 οὓς
1037 2900 1074 2967 δὲ
1103 2921 1205 2966 ιιατα-

102 2994 235 3070 παύειν.
267 3009 308 3070 cl.
329 3009 477 3090 Apollon.
497 3010 606 3073 mireb.
631 3011 679 3074 18.
699 3011 878 3082 Westerm.
901 3011 1025 3076 Contra
1046 3012 1205 3075 Seleucus

103 3099 351 3196 Pht'eliputranr
373 3115 459 3176 misit
479 3115 725 3199 Megastheoem
738 3121 792 3192 ιο).

191 3223 243 3286 De
264 3222 332 3284 vita
354 3221 579 3306 Megastheuis
599 3223 674 3287 nihil
697 3223 891 3287 tradiderunt
909 3233 1058 3306 veteres,
1080 3233 1207 3308 praeter

103 3331 195 3396 huno
216 3330 340 3393 Arriani
362 3331 478 3396 locum:
520 3323 761 3416 Μεγασθένης,
789 3319 835 3404 ὣς
862 3327 955 3418 ξυνῆν
976 3329 1138 3420 Σιβυρτίῳ
1159 3321 1208 3416 τῷ

103 3424 261 3522 σατράπῃ
280 3433 339 3522 τῆς
351 3426 562 3524 Ἀραχωσίας.
583 3441 756 3524 Sibyrlium
778 3459 821 3504 ex
841 3438 981 3506 Diodoro
1003 3444 1143 3520 (XVlll.
1159 3439 1208 3514 3.)

123 3683 157 3748 9)
176 3683 269 3733 Strub.
286 3681 351 3732 724.
362 3679 458 3733 Ἔδωκε
474 3681 503 3733 δὲ
520 3685 639 3742 Σέλευκος
656 3681 670 3735 ὃ
687 3682 803 3754 Νικάτωρ
812 3685 995 3758 Σανδρακόττῳ
1008 3689 1080 3749 (scil.
1090 3686 1209 3740 Arianae
1245 3685 1248 3690 ¹

176 3770 293 3836 partem)
311 3775 463 3838 συνθέμενος
480 3773 617 3842 ἐπιγαμίαν
633 3779 674 3827 καὶ
700 3775 841 3846 ἂντιλαβών
865 3780 997 3847 ἐλέφαντας
1020 3761 1207 3842 πενταιιοσλονς.

177 3864 220 3915 cf.
240 3864 352 3928 Appius.
371 3865 436 3927 Syr.
454 3867 507 3918 55:
527 3867 671 3933 (Σέλευκος)
689 3867 841 3940 ἐπολέμησεν
862 3868 1039 3941 Ἀνδροκόττῳ
1055 3901 1071 3920 -.
1089 3901 1114 3938 -,
1131 3876 1208 3944 μέχρι

176 3959 257 4022 φιλίαν
275 3953 397 4026 αὐτῷκαὶ
416 3958 488 4025 κῆδος
505 3965 633 4013 συνέθετο.
730 3994 737 4002 ,
1037 3939 1080 4026 Μ’

105 4045 163 4114 ro)
180 4049 271 4103 srrao.
288 4049 334 4099 ro.
352 4051 417 4114 roe,
434 4053 498 4102 ner.
517 4067 578 4115 exp.
601 4055 681 4106 nux.
699 4059 734 4108 v.
753 4059 779 4105 o.
796 4057 825 4120 a,
843 4055 899 4102 no.
916 4055 945 4105 5.
964 4057 991 4122 s,
1009 4055 1076 4107 nun.
1089 4041 1112 4108 h.
1123 4059 1209 4112 avr.

176 4141 222 4193 21.
241 4147 268 4192 8.
286 4143 364 4194 uuor
385 4147 490 4207 quidum
513 4151 720 4215 Megasthenes,
743 4148 788 4212 qul
813 4153 985 4213 nuncupatur
1010 4155 1179 4220 Μεγασθένης
1196 4173 1211 4204 o

178 4231 322 4296 Χαλκιδεύς,
340 4246 409 4286 nnus
428 4241 487 4286 erat
513 4253 547 4288 ex
570 4239 732 4304 triumviris,
755 4238 800 4302 qui
817 4237 917 4294 cunae
940 4246 1100 4296 condebant.
1118 4246 1210 4298 Βοιαὶ).

179 4327 216 4378 V.
234 4327 306 4392 ms
317 4323 419 4390 Vellej.
436 4330 539 4380 Patere,
555 4329 577 4382 1.
594 4330 624 4380 4.
