2778 4802
533 323 739 386 ..m-

155 509 236 572 Plio.
256 510 288 571 h.
308 525 338 570 n.
362 509 420 572 Vl.
440 508 496 574 at.
517 507 553 573 8:
600 512 696 572 ladio
714 515 878 593 patefacta
899 521 950 573 est
968 542 987 561 -
1004 545 1024 560 -
1051 520 1083 576 el
1102 513 1176 576 aliie

114 619 302 679 anctoritate
324 615 473 692 ornan,
494 621 552 696 pai
571 637 642 680 anm
663 619 925 694 repiinslndioio
946 625 1069 700 morati,
1092 625 1180 682 nont
1272 611 1276 616 ’

110 723 417 800 Meposiltenes
444 729 477 782 el
493 723 672 802 Dionysius
692 755 712 768 -
728 753 748 768 -
769 727 853 784 vires
874 743 997 803 pnopne
1029 730 1173 804 paraliam

107 833 289 910 prodidere·
331 833 419 894 Non
448 838 583 893 tomen
603 838 666 892 est
687 833 935 910 dilipentiae
955 834 1084 915 loona,
1107 833 1175 895 od·

109 959 155 1000 eo
183 941 349 1000 diverso
377 944 416 998 el
442 939 710 998 incredibilia
738 941 973 1001 tradantur.

155 1041 219 1120 Qui
241 1051 346 1103 tamen
368 1041 429 1120 ipsi
451 1041 699 1123 vituperatores,
722 1061 817 1124 quum
830 1043 1054 1127 Megastheuis
1065 1042 1175 1108 ludica

64 1167 189 1231 magna
211 1167 252 1208 ex
276 1155 366 1229 parte
388 1149 609 1230 excripseriut,
632 1147 727 1211 fidem
741 1146 963 1231 Megastheuis
983 1155 1016 1213 in
1038 1151 1174 1223 uuiver-

64 1278 142 1322 sum
174 1258 301 1320 minimo
328 1265 462 1338 possunt
482 1266 546 1319 tarn
568 1268 756 1342 suspectam
786 1261 1045 1342 existimavisse,
1079 1277 1174 1342 quam

65 1369 156 1451 quod
175 1387 218 1430 ex
239 1367 365 1430 iudiciis
387 1369 448 1432 iliis
470 1369 566 1430 iacile
595 1369 801 1436 concluseris.
851 1369 958 1452 Quid,
987 1370 1073 1453 quod
1102 1374 1174 1452 ipse

66 1476 326 1557 Eratosthenes,
357 1479 413 1556 qui
434 1492 496 1536 non
517 1494 621 1556 pauca
642 1497 684 1538 ex
705 1476 757 1538 ilia
778 1478 903 1555 sumsit,
926 1479 1010 1558 apud
1033 1478 1172 1541 Strabo-

66 1603 143 1645 nem
164 1582 235 1645 689.
261 1581 348 1660 dicit,
371 1599 447 1642 sese
469 1582 577 1644 ludiae
609 1582 835 1664 longitudinem
868 1601 1031 1665 exponere
1056 1579 1092 1646 tin
1116 1580 1176 1670 τῆς

66 1681 594 1774 ἆναγραφῆςτῶνσταθμῶντῆς
613 1685 948 1773 πεπιστευμένης
967 1678 1174 1770 politura?

70 1798 171 1877 Quae
191 1797 315 1858 scilicet
335 1797 494 1858 sententia
517 1796 558 1858 ad
580 1798 681 1857 sotum
705 1796 955 1878 Megasthonsm
985 1807 1093 1879 potest
1116 1817 1173 1860 rc-

67 1903 155 1964 ierri.
198 1902 249 1965 ne
272 1919 351 1964 vera
372 1900 454 1962 duas
485 1909 606 1963 tautum
630 1900 857 1982 Megasthenis
890 1906 1087 1966 narrationes
1111 1921 1167 1966 re·-

66 2010 284 2093 prehendunt,
305 2009 337 2072 id
358 2010 444 2092 quod
463 2010 504 2072 de
525 2010 668 2091 mythice
689 2009 838 2072 ludorum
866 2011 1098 2095 etimographia
1119 2031 1175 2074 re-

67 2120 143 2182 tulit
164 2127 196 2180 et
217 2117 247 2179 id
269 2116 354 2199 quod
376 2115 417 2179 oe
438 2115 579 2179 Hercule
600 2125 632 2178 et
654 2118 800 2198 Dionyso
822 2117 931 2180 lndico
953 2122 1108 2185 narrauit:
1131 2121 1173 2182 ti-

67 2234 123 2286 cet
144 2227 191 2286 ita
210 2223 331 2286 iactum
352 2225 412 2304 sit,
447 2230 482 2283 ut
512 2223 607 2284 etiam
630 2221 670 2284 de
692 2223 763 2284 eliis
784 2223 880 2286 rebus
897 2225 1029 2286 aliorum
1052 2229 1172 2306 potius,

67 2350 166 2413 quam
188 2330 413 2412 Megasthenis
441 2333 656 2392 narrationem
694 2349 804 2393 veram
845 2349 919 2394 osso
941 2333 1170 2397 existimarent.

68 2439 120 2500 De
144 2437 286 2500 Hercule
308 2439 510 2520 etlJionyso
532 2439 606 2521 quid
630 2445 825 2526 narraverit,
847 2463 944 2525 supra
972 2445 1034 2508 iam
1057 2446 1175 2509 dictum

68 2553 100 2606 et
120 2543 216 2606 brevi
236 2543 411 2607 iudicatum
433 2553 495 2626 est,
517 2563 599 2608 nono
628 2564 710 2627 quae
739 2547 780 2608 do
806 2548 1003 2630 geographia
1025 2549 1174 2612 ludorum

67 2651 213 2734 mythice
235 2651 377 2731 tradidit,
399 2652 491 2715 uobis
514 2662 567 2716 est
588 2653 842 2717 examinandum.

153 2757 221 2822 Sed
242 2759 426 2840 priusquam
448 2759 533 2821 hanc
554 2779 620 2822 rem
641 2769 886 2843 pertractamus,
917 2779 1175 2826 commemoren-

69 2867 147 2930 dum
170 2875 234 2950 est,
256 2869 351 2931 Arios
373 2868 469 2931 Indos
492 2870 533 2931 ab
562 2869 781 2951 antiquissimo
809 2877 953 2951 tempore
975 2889 997 2932 a
1023 2871 1173 2954 gentibus

67 2976 229 3058 indigenis
268 2976 475 3057 barbarisque
499 2977 732 3039 circumsessos
767 2995 857 3058 esse,
886 2996 906 3041 a
933 2978 1049 3059 quibus
1077 2997 1173 3060 quum

70 3103 208 3166 corpore
231 3091 298 3145 tana
319 3085 426 3146 animo
448 3091 547 3164 atque
569 3082 673 3145 indole
695 3083 932 3164 discrepabant.
976 3083 1080 3161 Quam
1103 3084 1173 3146 dis-

70 3193 268 3276 crepantiam
290 3193 476 3258 acutissimo
496 3193 541 3254 ilii
565 3201 597 3254 et
625 3203 835 3275 perceperunt
864 3203 896 3256 et
927 3204 1169 3274 expresserunt.

70 3302 158 3365 Nam
174 3305 260 3364 sicut
280 3300 442 3382 republica
462 3299 609 3361 ludorum
632 3308 665 3360 et
686 3320 742 3380 per
763 3301 851 3380 ipsos
875 3299 954 3363 deos
977 3302 1100 3364 barbari
1116 3321 1172 3365 re-

68 3410 248 3492 pudiantur,
271 3409 316 3472 ita
336 3409 493 3472 communi
515 3407 665 3470 Indorum
689 3407 873 3492 cogitationi
895 3415 1030 3472 naturae
1058 3419 1091 3472 et
1118 3407 1169 3472 in·

69 3518 152 3582 dolis
171 3515 344 3580 humilioris
365 3534 440 3578 esse
462 3525 495 3579 et
514 3516 661 3578 bestialis
682 3518 788 3597 potius
810 3534 906 3597 qoem
927 3517 1085 3580 humanae
1113 3519 1168 3578 vi·-

69 3626 195 3689 dentur.
259 3625 446 3688 Animorum
484 3625 657 3688 diversitas
691 3623 840 3687 dificilius
874 3625 1082 3706 perspicitur,
1110 3623 1172 3685 sed

68 3748 238 3812 corporum
260 3730 549 3794 dissimilitudinem
572 3731 688 3794 acriter
710 3730 780 3793 Indi
801 3731 1105 3812 animadverterunt,
1137 3731 1169 3792 io

68 3845 176 3902 maius
197 3841 352 3922 peiusque
373 3839 566 3921 extulerunt,
586 3845 639 3900 'ot
659 3839 865 3901 simulacrum
885 3839 1007 3899 illarum
1029 3837 1174 3919 gentium

69 3957 201 4030 praeter
231 3948 359 4012 modum
394 3948 539 4010 deforme
567 3948 762 4029 cogitatione
789 3947 850 4009 sibi
884 3946 1049 4009 linxerunt
1102 3945 1175 4026 Quo

69 4053 299 4133 luridameuto,
332 4053 416 4134 quod
443 4053 528 4116 iama
563 4051 765 4128 firmaverat,
797 4051 889 4131 potiti
926 4055 1045 4132 poetae
1070 4050 1174 4132 ipsam

69 4161 319 4241 superlationem
351 4160 464 4222 iterum
501 4167 662 4222 auxerunt
698 4157 877 4238 fabulisque
928 4164 1174 4221 exornaverunt.

67 4270 164 4333 Aliae
186 4279 304 4354 gentes
325 4287 448 4352 eaeque
469 4268 610 4349 indicae,
631 4285 727 4349 quum
747 4276 803 4328 aut
814 4267 1026 4349 permixtione
1035 4267 1175 4328 tribuum
