2822 4786
672 331 879 398 ..34.„

215 533 317 598 paens
347 534 458 580 omnes
492 518 611 598 primus
641 525 673 580 et
710 517 789 582 vidit
824 529 858 582 et
883 517 1052 604 descripsit
1082 523 1328 610 Megasthenes.

217 624 260 688 V.
283 625 355 688 Are.
376 623 443 688 lad.
465 624 495 686 d,
515 623 608 700 a-7‚
632 627 712 690 Plio.
736 625 765 690 h.
792 646 819 692 ιι.
842 627 899 690 Vl.
921 627 972 690 22.
997 629 1026 713 1,
1050 630 1157 694 Strab.
1180 635 1253 698 702.
1290 640 1325 701 ld

217 735 304 818 quod
326 743 421 800 antea
444 734 544 799 Curtii
569 745 679 800 auctor
699 735 806 812 (vill.
833 737 880 812 9.)
903 738 1067 819 retulerat,
1097 739 1158 802 iam
1184 743 1224 806 ab
1254 753 1326 810 ortu

217 864 290 908 eum
312 845 461 908 eximium
484 863 572 923 esse,
594 844 710 928 repetit
731 845 800 911 ille:
822 863 986 910 sacrorum
1001 847 1158 910 viatorum
1176 853 1249 914 sine
1263 852 1326 916 du-

217 953 270 1016 bio
293 951 375 1016 hacc
407 961 477 1019 erat
508 955 700 1018 observatio.
754 953 971 1018 Latitudinem
1002 956 1161 1022 minimam
1192 960 1326 1041 explere

217 1063 262 1128 ait
284 1062 374 1128 tht.
397 1063 468 1126 mitt
492 1081 578 1144 pass.
600 1062 618 1127 i.
649 1082 677 1126 e.
697 1062 802 1126 stadie
819 1063 954 1143 hXVL,
977 1062 1114 1129 mediam
1138 1064 1176 1128 Ο.
1197 1067 1322 1148 stadia3

218 1171 326 1232 multis
346 1169 427 1232 locis
456 1176 609 1252 stagnare
640 1167 770 1251 flumen,
800 1176 835 1230 ut
864 1168 933 1249 ripa
961 1169 1092 1232 ulterior
1128 1189 1189 1234 non
1220 1177 1324 1255 possit

217 1279 370 1359 conspici.
429 1276 522 1355 Quae
552 1275 723 1360 descrIptio
752 1279 783 1340 in
815 1279 999 1342 uuiversum
1035 1283 1165 1347 excedit
1191 1288 1321 1353 modum

216 1385 310 1447 etiam
339 1385 439 1467 pluvii
473 1389 642 1467 temporis:
683 1386 867 1468 quibusdam
897 1394 1004 1450 tamen
1032 1388 1114 1452 locis
1147 1398 1321 1460 convenire

215 1489 353 1553 uidetur.
396 1491 532 1554 Minime
553 1491 748 1554 altitudinem
771 1493 870 1576 auxit,
900 1511 994 1576 quam
1017 1496 1093 1564 XX.
1115 1501 1249 1582 orgyias
1272 1505 1322 1566 ei-

216 1595 315 1660 icere
337 1595 423 1678 dicit,
446 1598 499 1659 ubi
520 1599 640 1661 Plinius
662 1598 872 1681 negligenter,
904 1612 938 1664 ut
965 1601 1060 1684 salet,
1091 1591 1206 1688 ὀργυιά
1236 1630 1318 1674 voce

216 1721 333 1784 passus
353 1705 523 1768 transtulit.

298 1811 445 1874 illumina
465 1809 496 1869 in
520 1806 670 1890 Gangem
690 1807 855 1873 influentia
870 1814 964 1877 xlx.
985 1815 1220 1898 Megasthenes
1236 1834 1319 1877 onu-

216 1923 408 1996 meravcrat,
432 1931 564 1994 quorum
577 1914 732 1976 Arrianus
740 1915 760 1980 l.
773 1914 792 1979 1.
803 1914 884 1978 haec
897 1918 1023 1980 nomina
1037 1919 1143 1982 XVll.
1156 1919 1318 1993 attulit2³¹i

220 2085 415 2103 m

346 2174 449 2242 quidem
467 2174 579 2226 comites
596 2173 768 2237 tradiderint,
786 2173 867 2222 ieolle
891 2171 1007 2235 mireris,
1024 2170 1142 2222 Plinium
1158 2172 1206 2224 vt.
1224 2171 1271 2222 88.
1291 2170 1315 2222 t.

347 2267 427 2318 atam
443 2264 613 2329 undeviginti
628 2265 807 2328 cognovisse.
828 2265 883 2314 Sed
900 2264 1104 2330 admirationem
1125 2262 1187 2324 ipsa
1206 2259 1319 2313 hemina

348 2357 467 2405 tollunt:
486 2365 558 2418 nem,
575 2367 656 2416 quum
672 2354 744 2405 inter
766 2357 858 2406 cetere
878 2357 1009 2406 memoret
1035 2353 1230 2419 Cantabrum,
1257 2355 1318 2404 tres

348 2445 425 2498 alias
443 2445 621 2510 offerentem,
638 2447 690 2496 hoa
707 2440 919 2510 li'audrab‘igae
942 2456 1038 2496 nomen
1056 2459 1117 2496 esse
1133 2444 1222 2508 vides,
1248 2455 1318 2506 quae

267 2591 271 2600 ,
356 2543 413 2588 tres
422 2537 523 2592 fluvios
539 2537 620 2588 etiam
636 2539 810 2602 Megasthene
828 2541 941 2611 auctore
957 2537 1062 2599 resipit.
1095 2539 1145 2588 llis
1161 2536 1251 2588 fluviis
1269 2539 1321 2587 du-

347 2627 466 2693 plicatis,
485 2630 558 2678 eerte
575 2629 616 2694 nt,
636 2631 666 2677 ut
679 2640 807 2679 numerus
822 2627 991 2691 undeuiginti
1013 2627 1157 2682 numinum
1175 2628 1317 2679 adiciatur.

413 2723 531 2772 Nomina
548 2717 640 2774 ludica
656 2733 756 2785 graece
778 2719 945 2782 exprimendi
967 2725 1023 2772 trea
1046 2720 1179 2786 distingui
1201 2723 1318 2782 possunt

346 2812 419 2864 modi
436 2816 463 2862 et
480 2815 593 2864 aetates.
635 2813 704 2863 Nam
723 2811 767 2876 qui
785 2819 846 2864 ante
864 2814 1050 2866 Alexandrum
1067 2814 1246 2877 scripserunt,
1263 2823 1317 2860 no-

345 2901 418 2954 mina
434 2901 524 2952 solent
541 2903 568 2951 in
594 2903 729 2954 Graecum
755 2909 870 2968 vertere,
897 2907 941 2970 qul
969 2912 1129 2970 aquantur,
1152 2917 1185 2955 aa
1206 2905 1317 2953 reddere

350 2995 384 3047 ad
396 3005 505 3059 sonum,
522 2995 570 3044 sed
581 2995 676 3055 paullo
687 2995 825 3059 licentius,
844 2998 870 3046 et
888 2998 932 3048 ubi
948 2998 1007 3048 lieri
1024 2998 1121 3062 potuit,
1131 3007 1319 3058 cumparono-

346 3083 432 3142 masia
449 3085 573 3148 quadam,
591 3084 688 3146 ultimi,
711 3087 894 3153 Ptolemaeus,
910 3091 1009 3140 auctor
1027 3087 1124 3150 peripli
1142 3087 1225 3140 meris
1242 3087 1318 3146 Ery-

345 3176 442 3242 thraei,
461 3176 573 3230 casatas
591 3189 670 3238 quam
688 3178 893 3230 accuratissime
919 3193 952 3228 oa
968 3181 1003 3228 ad
1026 3185 1123 3230 sonum
1146 3178 1318 3240 litteramque

345 3269 503 3330 exprimere.
537 3271 581 3322 lta
598 3269 678 3324 etiam
695 3269 724 3319 ln
741 3272 830 3322 haere
848 3283 936 3332 parva
947 3276 1041 3330 aperte
1058 3268 1231 3332 perspicitur,
1255 3278 1319 3316 cre·

347 3361 439 3412 noenta
453 3357 566 3411 seientia
580 3358 831 3423 paulatimllnguae
841 3373 950 3412 sensum
961 3359 1122 3410 teneriorem
1138 3357 1208 3419 apud
1225 3356 1317 3406 Grae-

345 3458 394 3496 oos
412 3445 557 3506 interiisse.
877 3499 882 3508 ,
1070 3501 1071 3506 1
1297 3447 1309 3462 ’

212 3537 451 3607 contutatione.
475 3537 520 3600 62,
539 3539 615 3589 iliad.
633 3540 720 3591 xvii.
746 3541 794 3605 ee,
818 3539 894 3590 curt.
920 3541 966 3592 tx.
992 3541 1020 3600 8.
1046 3541 1087 3594 Ch
1110 3539 1216 3596 italien.
1239 3540 1267 3588 h.
1290 3551 1318 3592 a.

280 3633 340 3686 xil.
357 3630 404 3682 dl.
1033 3681 1044 3690 υ

212 3721 266 3790 at)
282 3724 426 3778 Nominum
447 3722 593 3775 multarunt
617 3720 766 3784 explicatio
791 3723 833 3772 ast
854 3719 1026 3784 difficillima,
1054 3732 1203 3781 paucorum
1229 3721 1317 3770 adnuo

113 3799 121 3806 ⁰
279 3816 421 3872 successit.
461 3817 607 3878 Postquam
632 3812 806 3878 Beauellius,
830 3813 1002 3876 Maanertus,
1024 3812 1190 3865 wilfordius
1214 3809 1242 3860 in
1266 3814 1317 3862 trae

218 3955 221 3962 .
278 3920 309 3961 re
326 3909 488 3972 thmuda
504 3904 665 3960 iudtsstriam
681 3905 841 3967 posuerant,
858 3901 955 3955 iterum
973 3901 1026 3952 fuit
1043 3904 1191 3968 sotlegoiit
1208 3906 1316 3954 ethes.
1388 3931 1389 3952 t

278 4003 356 4066 sesti,
373 4004 493 4069 nomina,
515 4005 645 4066 quantum
661 3999 720 4050 neri
736 3998 834 4062 potuit,
851 3995 1002 4048 illustrare.
1045 3994 1088 4046 lta
1105 3999 1232 4054 conant
1250 3997 1315 4046 haec
1388 3997 1389 4000 ’

277 4093 401 4145 mutan:

277 4183 372 4248 Σῶνος,
389 4196 495 4234 suasor.
515 4182 612 4253 Qda'a.

274 4267 698 4342 ’Epawofidaa‚liiraa'jaetta(i.
707 4290 731 4326 e.
742 4271 899 4344 χρυσοφόρος,
905 4270 1138 4349 aurifer),an'ae
1149 4289 1314 4342 cognomen.
1388 4295 1389 4302 ι
