2822 4786
561 323 768 388 ..47-

86 503 171 586 713,
198 503 278 586 718,
307 503 378 566 Arr.
407 521 483 582 exp.
516 503 608 568 Alex.
640 503 714 565 vll.
744 507 773 565 2.
804 505 909 586 5-9,
945 509 1134 588 quibuscum
1157 509 1203 572 cl.

86 607 337 694 Pseudo-orig.
350 607 527 690 philosoph.
539 607 711 672 905-906
726 606 834 673 llelar.
842 653 854 692 ,
865 611 987 676 Pallsd.
999 613 1040 678 de
1055 616 1202 680 Brsohm.

99 785 348 798 —m

162 901 207 953 es,
225 901 277 952 qne
295 889 375 950 solet,
393 889 517 940 doctrina
534 895 562 940 et
579 889 697 940 omnium
715 903 804 940 rerum
826 889 1067 954 circumspectione
1084 891 1204 943 defendit

162 979 294 1030 Botion:
306 981 338 1029 de
359 980 524 1034 huddhuismi
542 980 666 1044 origionc
684 986 711 1032 et
729 985 820 1029 notate
843 981 1011 1044 deliniendis,
1028 983 1149 1034 hasten.
1168 982 1201 1033 de

160 1071 321 1137 nominibus,
331 1071 427 1134 quihus
437 1087 454 1122 a
463 1072 601 1122 veteribus
611 1071 785 1134 appellantur
794 1069 920 1121 ludorum
933 1073 1094 1137 philosophi.
1106 1074 1200 1124 Rhein.

161 1165 235 1214 llus.
259 1162 343 1213 1866.
369 1177 393 1226 p.
418 1162 598 1220 tot-lcum
633 1163 788 1228 Bohlenins,
814 1169 845 1214 ut
871 1166 1065 1214 Sarmanarum
1093 1166 1202 1216 nomine

161 1253 330 1304 uouunstcos
352 1253 500 1318 significari
516 1254 659 1319 ostendat,
683 1255 767 1317 primo
785 1255 900 1304 nominis
917 1259 1080 1319 argumento
1098 1257 1200 1309 utitur:

162 1346 354 1396 8666666666
382 1345 451 1396 enini
479 1357 579 1396 nomen
602 1348 768 1410 respondere
793 1345 855 1396 uicit
881 1350 937 1397 tum
960 1349 1110 1401 sanseritte
1137 1351 1202 1402 voci

161 1432 323 1501 promas'o,
341 1448 394 1499 qua
411 1434 555 1486 1166666161
572 1437 754 1500 appellentur,
773 1441 829 1486 tum
850 1438 1121 1504 6666161Σ6μαναῖοι,
1143 1451 1197 1502 quo

164 1527 247 1576 verbo
266 1539 298 1575 ex
315 1526 408 1577 Palioa
427 1539 494 1576 voce
510 1539 666 1578 commuue
692 1526 723 1590 (i.
746 1539 771 1576 e.
798 1523 965 1588 cramaa'a)
991 1529 1109 1580 formato
1136 1530 1200 1592 quin

163 1627 265 1678 Graeci
281 1623 449 1676 Buldhslcos
466 1626 691 1690 significaverint,
708 1625 773 1678 nihll
792 1625 965 1678 dubitationis
991 1629 1081 1678 hahet.
1126 1626 1202 1678 Gon-

163 1726 206 1772 tre
224 1720 291 1771 (lixit
309 1721 468 1786 nossemus,
486 1717 639 1786 promoa'o
660 1731 718 1769 non
735 1721 815 1768 modu
833 1719 1001 1783 Bnddhaiois,
1027 1720 1074 1768 sed
1094 1717 1201 1781 saepis-

161 1813 227 1862 sime
245 1812 323 1862 etiam
343 1812 496 1862 Brahmanis
514 1811 634 1862 attribui.
669 1812 723 1860 Sed
749 1811 803 1872 ipse
821 1821 893 1859 nunc
911 1823 970 1860 cum
997 1822 1041 1868 ea,
1069 1822 1121 1872 qna
1148 1813 1199 1874 est,

161 1901 327 1951 humanitate
345 1913 447 1951 mecum
464 1898 675 1950 communicavit
697 1900 732 1948 V.
751 1899 793 1961 D,
818 1911 913 1948 vocem
933 1895 1084 1961 oromon'a
1106 1911 1204 1962 perpe-

161 1995 235 2041 ouon
254 1989 465 2042 liuldhaieorum
483 1991 637 2040 ascetarum
653 1999 762 2052 nomen,
779 1988 1015 2038 Bruhmauicorum
1034 1990 1203 2041 retriusesse.

163 2082 257 2142 ltaque
283 2083 334 2131 hoc
357 2078 480 2128 llolnlenii
505 2084 711 2142 argumentum,
730 2076 782 2126 etsi
799 2074 833 2125 ad
850 2076 1045 2138 expediendam
1071 2090 1128 2128 rem
1145 2091 1203 2130 non

164 2173 276 2237 suflicit,
292 2176 380 2221 tamen
398 2183 451 2220 non
469 2169 602 2218 infirmum
620 2175 719 2218 manet.

227 2261 334 2312 Addidit
356 2259 451 2312 deinde
469 2258 615 2310 hassenius
632 2260 702 2308 hanc
718 2246 897 2309 sententiam:
933 2256 966 2306 Si
983 2269 1069 2308 assim
1086 2256 1202 2308 utrius-

161 2365 215 2420 que
232 2352 368 2405 uocabulo·
386 2353 595 2415 condoctores
610 2351 791 2416 respexeris,
814 2349 942 2400 invenies
968 2349 1050 2400 collo
1077 2360 1202 2412 prorsus

163 2437 228 2495 loco
251 2455 341 2494 unum
363 2455 420 2506 pro
444 2441 540 2492 ullsro
569 2441 642 2502 pour·
665 2441 718 2490 ont
748 2439 870 2490 invicem
902 2438 1085 2502 permutari:
1120 2438 1204 2489 ouius

161 2533 347 2584 constantine
363 2533 447 2583 certo
465 2531 608 2597 quaedam
626 2541 720 2580 causo
742 2543 801 2579 csso
818 2531 908 2580 dehet.
950 2528 1028 2592 Quod
1052 2541 1202 2593 argumen-

163 2631 218 2676 tum
237 2623 307 2676 hand
325 2624 382 2673 selo
400 2636 435 2673 an
453 2623 621 2686 aliqmntum
646 2621 781 2670 firmitatis
807 2622 914 2670 haheat.
957 2623 1107 2669 sarmatae
1134 2620 1202 2668 enim

163 2713 688 2780 616166166686666661,6161661166,
707 2712 846 2776 quinquies
873 2724 890 2760 6
916 2713 1029 2761 Graecis
1054 2711 1203 2760 llornanis-

161 2821 214 2870 qoe
231 2806 407 2869 scriptoribus
430 2805 555 2856 omnibus
581 2809 774 2855 memorantur.
810 2801 972 2868 (flardesau.
998 2816 1040 2866 up.
1067 2805 1200 2874 Porphyr.

162 2899 260 2948 obstin.
277 2900 326 2950 lv.
344 2897 391 2962 17,
409 2897 494 2948 (ilem.
511 2897 590 2946 Alex.
609 2899 710 2947 suom
727 2898 747 2947 1.
766 2897 833 2961 606,
851 2897 961 2960 Origen.
979 2901 1077 2946 contra
1093 2895 1204 2946 Celsum

164 2992 185 3039 l.
204 2992 247 3038 ed.
265 2990 394 3038 helarus.
412 2989 498 3041 Panis.
516 2989 601 3039 1766.
619 2991 651 3040 l.
669 2990 690 3039 1.
708 3003 732 3052 p.
751 2989 817 3050 34³,
835 2986 991 3038 Alexander
1008 2988 1139 3048 Polyhist.
1158 2998 1201 3046 ap.

164 3080 263 3141 Gyrill.
279 3084 376 3130 contra
392 3080 497 3132 Julian.
513 3082 563 3130 lv.
581 3095 605 3143 p.
624 3081 689 3132 166.
712 3081 743 3130 ll.
762 3083 803 3130 ed.
828 3081 916 3130 Paris.
943 3079 1025 3128 1668.
1043 3078 1203 3136 llieronym.

163 3169 199 3220 ad
216 3169 354 3220 lovinion.
372 3169 406 3219 Il.
424 3171 472 3219 ed.·
483 3171 568 3220 Puris.
586 3171 670 3220 1706.
694 3173 778 3220 611.
802 3173 830 3220 P.
852 3171 880 3220 2.
904 3185 927 3232 p.
948 3165 1028 3230 206.)
1069 3164 1122 3230 Qut
1148 3178 1202 3215 nn-

168 3259 254 3325 meri,
279 3259 302 3308 si
319 3259 479 3320 scriptorum
497 3261 588 3311 fontes
606 3261 795 3326 exquisiveris,
812 3264 847 3311 an
865 3267 923 3310 tres
939 3258 1107 3322 rediguntur,
1126 3257 1204 3306 itaut

162 3355 312 3404 sarmentis
329 3351 403 3400 solus
420 3352 629 3416 messetheines,
654 3358 823 3402 samanaeos
840 3350 1011 3400 Ateoancer
1033 3347 1204 3409 Potoucmr

164 3450 192 3492 et
208 3424 396 3492 strumosos
413 3444 614 3492 memoraverit.
648 3440 718 3505 Quid
736 3443 819 3505 igitur
835 3441 862 3489 in
881 3453 915 3490 ec
934 3445 977 3490 est
994 3440 1105 3502 mirum,
1130 3439 1202 3502 quod

163 3535 370 3598 Megasthenes,
395 3533 419 3582 sl
442 3531 608 3584 Buddhaicos
631 3533 787 3596 significare
811 3531 946 3596 voluerit,
972 3533 1107 3582 senserim
1131 3542 1200 3579 voce

165 3622 317 3690 cromon'a
335 3639 400 3676 usus
418 3631 470 3692 est,
495 3637 593 3690 postea
615 3637 682 3674 vero
701 3625 872 3672 [tardesanes
898 3627 927 3673 et
943 3623 1101 3673 Alexander
1116 3621 1207 3680 Poly-

162 3717 248 3768 histor
265 3717 355 3778 pallos
373 3729 443 3768 voce
460 3731 630 3780 summano,
647 3729 715 3780 quse
733 3728 792 3766 cnm
818 3717 916 3780 lingua
938 3717 1027 3777 pslica
1052 3717 1150 3774 postea
1175 3711 1204 3762 in

166 3821 242 3858 usum
261 3803 395 3858 venerati
429 3806 498 3871 Quln
517 3811 612 3860 mirum
630 3810 657 3857 16
675 3821 719 3874 eo,
735 3809 807 3871 quod
824 3809 993 3870 scriptores,
1019 3804 1064 3866 qui
1082 3803 1133 3852 iilis
1151 3817 1201 3856 au-

163 3902 283 3951 ctoribus
302 3901 342 3950 usl
360 3901 508 3950 Sarmsnss
525 3901 570 3948 vel
589 3903 758 3950 samanaeos
768 3903 929 3960 memorant,
946 3895 1058 3945 numina
1074 3907 1127 3944 non
1138 3907 1204 3957 per·

104 4015 108 4018 ·
163 3985 358 4042 mritoverunt?
392 3990 469 4056 Quod
488 3993 512 4041 sl
529 3992 668 4060 fecissent,
686 4009 766 4057 quum
784 3996 812 4043 ln
830 4007 861 4042 re
872 3998 926 4041 tum
944 3990 1096 4054 longinqua
1112 3996 1141 4052 et
1159 3992 1203 4042 in-

165 4085 278 4146 cognita
294 4084 399 4134 nonnisi
424 4081 587 4133 adverbum
613 4085 676 4134 lllos
698 4085 836 4135 exorihere
855 4087 973 4146 possent,
995 4082 1083 4146 tnagis
1107 4082 1203 4132 mirum

164 4175 247 4225 vlderl
261 4181 380 4239 poterat.

232 4266 353 4314 Alterum
373 4267 517 4320 nollemus
536 4272 725 4331 argumentum
743 4265 835 4316 attullt
851 4267 1067 4319 convenientiam
1085 4279 1198 4332 morum,
