2778 4802
486 312 745 391 3⁴63*-

84 514 168 578 enim
189 529 262 576 cum
291 511 405 576 erdoro
437 513 571 596 quodam
603 515 731 598 poetico
766 513 862 576 lictae
890 515 1037 578 eximiam
1067 518 1186 582 habent

85 619 343 682 increbrescendi
363 622 564 700 facultatem,
586 628 619 682 et
641 629 729 682 terito
752 623 915 703 maiorem,
940 633 1058 706 quanto
1079 623 1184 688 anda-

84 726 156 788 cius
177 734 251 788 snat
271 725 376 790 lictae.
420 727 490 788 liae
509 744 635 807 quoqne
654 726 791 809 fabulae,
821 727 935 808 quibas
964 728 1032 791 Indi
1061 730 1184 794 bestias

84 833 305 915 colloquentes
328 833 578 915 descripserunt,
605 835 650 896 ite
670 855 727 914 per
753 843 854 897 totum
882 836 951 898 iere
978 837 1087 900 orbem
1116 848 1183 901 ter-

81 965 187 1010 rarum
209 953 429 1024 manaverunt,
453 955 485 1006 ut
512 944 668 1026 quomodo
692 945 754 1006 hoc
775 946 895 1008 iactum
909 948 961 1027 sit,
985 967 1046 1009 non
1060 949 1186 1020 sentia·
1271 949 1273 954 ’

82 1070 166 1114 mus.
211 1051 303 1113 Aliae
325 1051 652 1134 fabulae,'eoteqnam
674 1053 778 1132 ipsnm
807 1053 915 1116 Indiae
937 1071 1049 1115 nomen
1071 1064 1182 1119 norum

83 1169 146 1239 est,
169 1158 208 1222 ad
232 1155 380 1221 Graecos
401 1161 577 1221 translatae
605 1169 694 1224 sunt:
722 1162 804 1222 inter
834 1160 917 1242 qnod
946 1181 1050 1246 genus
1086 1164 1182 1227 etiarn

84 1267 219 1330 Homeri
240 1266 395 1350 qnacdem
418 1266 545 1330 fabulae
567 1269 781 1332 numerandae
812 1270 978 1347 videntur,
1007 1289 1089 1353 quae
1110 1273 1186 1353 qni·-

83 1375 158 1442 denr
184 1393 240 1438 res
266 1386 340 1442 ante
369 1376 484 1440 Vadas
512 1377 623 1440 melius
653 1379 809 1459 cognitas
829 1381 1030 1461 probabiliter
1063 1390 1186 1444 tantam

85 1484 209 1564 coniici,
231 1503 336 1565 neque
356 1487 454 1548 certis
474 1487 672 1568 argumentis
694 1486 904 1548 demonstrari
922 1496 1038 1567 petest.
1061 1490 1104 1550 Et
1122 1507 1187 1568 quo

85 1589 215 1672 longius
224 1592 316 1672 epioe
328 1590 525 1656 Graecorum
541 1593 679 1654 carmina
696 1593 828 1671 aprima
841 1594 1040 1674 simplicitate
1056 1597 1185 1678 abeunt,

84 1715 125 1760 co
146 1699 251 1780 magis
272 1699 398 1764 fabulas
429 1702 511 1762 istas
545 1693 686 1780 irrepere
714 1701 1017 1764 animadvertimus:
1038 1671 1186 1767 ‘multnm

83 1806 149 1868 iam
168 1807 278 1869 valent
300 1805 385 1887 epad
413 1809 522 1887 epicos
548 1809 736 1888 posterioris
768 1789 885 1871 aetatis
912 1815 1039 1891 postas.
1081 1810 1187 1872 Valde

84 1923 220 1997 erraret,
242 1915 297 1996 qni
319 1933 363 1978 ex
384 1913 473 1977 India
494 1922 618 1994 putaret
640 1931 697 1974 eas
720 1913 821 1976 solum
844 1917 970 1978 fabulas
990 1919 1187 1998 narravisse,

84 2019 200 2100 quitus
221 2029 414 2084 memoratur
435 2018 541 2081 india:
564 2037 635 2082 narn
658 2019 766 2080 fabula
790 2019 991 2101 procedente,
1017 2021 1112 2083 etiam
1134 2023 1188 2083 lo·-

84 2145 156 2206 cus‚
177 2147 272 2210 quem
295 2130 401 2192 fabula
420 2136 548 2210 tractat,
570 2130 652 2190 solet
675 2126 859 2208 procedere.
913 2127 1016 2188 Cnins
1046 2132 1092 2190 rei
1123 2129 1188 2190 lroo

85 2240 128 2300 sit
151 2239 351 2320 exemplum:
377 2235 445 2299 lndi
471 2237 707 2317 septentriones
736 2251 854 2296 versus
884 2234 965 2296 altra
994 2235 1188 2318 ilimalejam

85 2343 233 2408 habitare
255 2345 463 2424 opinabantur
489 2345 716 2422 (illarescens,
738 2347 792 2423 qui
814 2342 867 2404 diu
898 2343 1057 2424 beateque
1087 2343 1188 2406 vive-⁴

86 2459 172 2532 rent,
200 2451 318 2525 morbis
347 2452 496 2531 curisque
528 2459 692 2530 vacarent,
716 2453 799 2512 omui
831 2452 996 2531 voluptate
1017 2452 1046 2512 in
1074 2469 1190 2514 amose

86 2559 220 2622 nissima
253 2563 385 2644 regione
404 2559 608 2622 abundarent.
655 2558 747 2635 Quae
768 2559 876 2620 fabula
896 2569 1020 2620 mature
1042 2561 1073 2619 in
1096 2560 1187 2640 ccci-

86 2667 216 2730 dentem
247 2665 405 2747 processit
434 2664 591 2746 simulque
620 2664 776 2744 processit
798 2663 891 2724 locus
913 2663 1052 2744 tabulae,
1083 2672 1116 2726 et
1142 2665 1186 2730 ita

86 2781 140 2838 est
155 2774 284 2849 iactum,
300 2781 336 2837 ut
349 2771 390 2833 alr
404 2769 537 2834 Hesiodi
549 2779 690 2852 tempore
704 2769 825 2834 Graeci
837 2770 1036 2852 opinarentur
1051 2779 1186 2854 septen-

86 2887 212 2948 triones
234 2898 352 2944 versns
371 2880 517 2944 habitare
534 2879 776 2960 Hyperboreos,
799 2897 932 2960 qnorum
953 2879 1057 2959 ipsum
1072 2895 1188 2942 nomen

85 2970 127 3053 nii
151 2987 389 3050 similitudinem
406 2988 541 3050 nominis
558 2988 657 3052 ludici
676 3002 867 3068 expressum
878 2994 941 3048 est.
960 2985 1028 3047 Cur
1044 2985 1116 3046 indi
1129 3004 1184 3046 re·

88 3101 220 3180 gionem
237 3093 322 3155 beati
333 3093 437 3174 populi
449 3097 684 3174 septentriones
697 3109 814 3154 versus
830 3092 1006 3172 posuerint,
1030 3092 1192 3152 causaest

89 3209 284 3286 aperto,cnr
306 3197 437 3281 Graeci,
459 3214 500 3260 ne
521 3199 685 3260 levissima
709 3199 834 3279 quidem
857 3199 1031 3276 invenitnr3
1054 3198 1116 3260 imo
1138 3199 1191 3262 hic

88 3309 374 3397 Hyperboreorum
393 3309 543 3371 sitnstoti
560 3307 600 3368 illi
622 3305 764 3388 imagini,
787 3305 932 3386 quamde
947 3307 1022 3368 orbe
1035 3314 1189 3370 terrarum
1258 3345 1265 3362 t

89 3417 212 3483 Graeci
229 3417 290 3480 sibi
313 3413 514 3497 effinxerunt,
538 3433 601 3476 non
622 3413 715 3476 modo
730 3431 800 3480 ‚nou
821 3414 984 3494 convenit,
1012 3415 1071 3478 sed
1094 3416 1191 3478 etiam

88 3533 257 3606 repugnat
280 3514 645 3604 inliciendasque
667 3521 822 3603 quasdam
844 3520 1042 3590 Graecorum
1063 3526 1193 3604 opinio-

89 3649 152 3696 nes
173 3637 379 3716 attingerent,
399 3636 432 3695 in
452 3633 518 3704 ¹nlia
537 3632 614 3694 loca
633 3632 808 3694 translatae
829 3641 913 3696 sunt

175 3835 343 3919 Mythicae
364 3835 511 3900 indorum
533 3840 751 3921 geographiae
778 3837 1032 3922 cognoscendae
1059 3841 1193 3917 primum

92 3941 229 4005 esthon
249 3952 387 4024 tempus,
408 3962 469 4026 quo
491 3943 587 4006 inscii
608 3943 734 4007 indicas
757 3947 884 4008 tabulas
907 3941 1028 4006 Graeci
1056 3961 1193 4026 recepe-

94 4057 177 4112 runt.
219 4050 360 4144 Alterius
382 4059 434 4114 est
455 4051 535 4130 dux,
555 4055 607 4135 qui
620 4057 749 4146 primus
770 4052 894 4116 lndiam
924 4052 1093 4133 descripsit
1120 4063 1161 4132 et
1174 4073 1195 4116 e

95 4155 236 4235 Scylace
258 4176 362 4220 rerum
382 4157 562 4222 indicarum
585 4164 762 4240 scriptores
782 4159 824 4222 ad
848 4178 944 4222 unum
966 4177 1077 4222 ornnes
1099 4159 1195 4224 iabu-

97 4263 188 4326 loses
208 4264 279 4328 illas
301 4273 418 4346 gentas
439 4277 600 4348 enarrant,
624 4267 693 4355 sed
706 4267 761 4348 ite,
783 4273 818 4330 ut
840 4267 1048 4350 Aethiopicos
1063 4285 1121 4330 eas
1141 4267 1195 4328 di-
