2822 4786
198 421 442 506 Megasthenem
464 423 595 504 saepius
622 424 654 484 iu
677 420 798 488 ludium
826 421 1002 503 protectum
1031 435 1125 502 esse,
1153 439 1208 482 rs·

116 532 273 594 cautiores
305 531 478 612 scriptores
510 551 573 593 uno
601 551 657 594 ore
687 550 798 595 omnes
829 529 1075 596 liobertsonium
1105 528 1211 594 secuti

114 641 220 703 solent
239 637 448 703 contenderet
471 646 576 700 tamen
599 647 635 700 ut
657 646 746 701 certa
768 638 810 700 sit
831 638 913 702 baec
934 638 1055 719 opinio,
1077 637 1210 702 multum

28 807 29 816 ,
116 747 217 810 deest.
264 747 349 808 Nam
376 745 458 828 quod
486 745 641 806 Arrianus
667 745 810 807 narravit
838 739 911 827 exp.
932 745 1025 808 Alex.
1048 744 1090 808 V.
1110 745 1142 808 6.
1160 745 1208 810 2:

27 825 29 870 ί
114 843 281 928 Πολλάκις
305 849 343 917 δὲ
365 848 452 937 λέγει
472 847 723 938 (Μεγασθένης)
743 841 927 938 ἀφικέσθαι
947 841 1038 938 παρα
1060 839 1210 936 Σανδρά-

26 941 27 948 ί
113 981 234 1026 κυττον·
244 951 300 1024 τὸν
313 951 421 1023 Ἰνδῶν
437 955 585 1041 βασιλέα,
606 960 825 1042 quaestionem
839 979 899 1022 non
915 961 1027 1026 solvito
1048 959 1111 1024 boc
1125 964 1209 1024 enlm

113 1073 255 1136 voluisse
276 1079 405 1154 potest,
432 1071 680 1151 Megastheucm
709 1069 741 1132 iu
771 1089 831 1132 una
852 1069 904 1132 illa
925 1069 1084 1152 legatione
1104 1057 1208 1134 K'au-

114 1179 302 1264 draguptam
334 1182 464 1260 saepius
492 1177 620 1243 adiisse.
675 1177 792 1259 Neque
818 1197 861 1240 ex
884 1177 1034 1240 orationis
1055 1183 1208 1240 contextu

115 1288 215 1352 altera
257 1296 390 1369 apparet
424 1285 605 1368 explicatio.
658 1285 775 1368 Neque
810 1293 898 1347 certe
931 1297 1095 1366 praeterea
1127 1285 1208 1348 ullus

111 1403 250 1482 scriptor
270 1399 358 1479 plura
380 1402 448 1458 eius
468 1397 581 1458 itinera
609 1377 888 1475 commemoravit,
917 1399 981 1458 etsi
1008 1413 1207 1460 commemo·

111 1507 201 1571 randi
224 1505 350 1570 occasio
380 1504 506 1566 minime
536 1503 655 1586 deluit,
685 1523 790 1586 neque
819 1503 850 1566 in
883 1503 961 1584 ipsis
990 1505 1059 1566 eius
1089 1503 1206 1568 Indicis

112 1611 243 1692 plurium
264 1608 410 1669 itinerum
426 1604 623 1667 levissimum
639 1606 811 1688 vestigium
825 1606 993 1672 invenitur.
1036 1606 1103 1668 Sed
1124 1609 1208 1672 forte

114 1716 199 1780 dicat
221 1715 397 1799 quispiam,
419 1731 595 1796 repugnare
613 1725 816 1798 accuratam,
846 1735 941 1800 quam
968 1717 1022 1780 ille
1050 1717 1206 1801 babuerit,

112 1829 250 1888 omnium
278 1843 384 1886 rorum
411 1822 588 1902 Indicarum
619 1825 848 1906 cognitiouernp
891 1844 985 1908 quam
1015 1834 1142 1908 tamen,
1178 1827 1207 1890 si

111 1930 283 1996 credideris
309 1950 379 1992 eum
401 1949 458 2011 per
479 1938 605 2012 tempus
625 1949 687 1994 nou
704 1932 854 2013 exiguum
868 1921 1093 2015 Pait'aliputrae
1114 1951 1207 1996 com-

111 2047 268 2104 moratum
294 2038 416 2118 fuisso,
446 2056 550 2120 aeque
579 2037 754 2119 explicabis
783 2056 823 2102 ac
844 2039 872 2101 si
893 2040 1015 2121 pluries
1035 2043 1065 2105 in
1085 2042 1205 2106 Indiam

111 2168 184 2212 eum
212 2147 388 2229 profectum
416 2166 493 2209 esse
519 2148 691 2230 putaveris.
745 2145 837 2225 Quae
868 2148 965 2230 igitar
994 2148 1203 2213 Robertsonll

112 2257 294 2320 coniectura
315 2254 435 2320 incerta
455 2253 595 2338 videtur,
616 2273 657 2318 ne
679 2253 794 2337 dicam,
816 2252 858 2318 ad
878 2253 973 2319 fldem
995 2253 1141 2322 difficilis.

109 2539 147 2595 2.
164 2539 223 2594 lte
238 2537 395 2596 luillela
407 2537 688 2606 negauerant·
703 2552 931 2612 eorumque
945 2551 1202 2612 argumento.

194 2821 284 2904 Opus
304 2821 398 2905 illud,
424 2822 509 2906 quod
531 2831 567 2886 ut
587 2821 762 2906 scriberet,
790 2823 851 2888 iter
871 2824 1079 2908 Megasthenl
1098 2843 1199 2891 occa·

109 2930 232 2994 sionem
247 2931 402 3013 praebuit,
422 2933 608 3014 inscriptum
623 2943 692 2996 erat
712 2921 762 2996 roi
782 2921 945 2998 Ἰνδικά.
986 2935 1039 2998 llx
1060 2953 1124 3018 quo
1144 2935 1202 3017 ita,

109 3048 145 3102 ut
164 3039 234 3104 libri
252 3057 403 3102 numerus
423 3037 592 3121 indicetur,
613 3040 647 3102 bi
667 3041 728 3103 loci
749 3040 937 3108 afferuntur:

190 3147 307 3210 Athen.
329 3148 388 3211 lV.
409 3169 439 3230 p.
465 3147 535 3212 153.
563 3143 787 3232 Μεγασθένης
804 3142 842 3210 ἐν
861 3145 909 3232 τῇ
929 3145 950 3210 δ
958 3143 1108 3232 ευτέρρ
1127 3141 1203 3212 τῶν

106 3243 137 3316 ’1
139 3249 185 3316 νδ
192 3250 265 3316 onai
269 3276 286 3316 ν
298 3253 368 3328 τοῖς
376 3243 490 3329 Ἰνδοῖς
502 3271 602 3340 φησιν
615 3248 649 3318 ἐν
658 3249 707 3336 τῷ
718 3248 841 3336 δείπνῳ
851 3247 1106 3338 παρατίθεσθαι
1122 3243 1202 3318 ἑκεί-
1282 3267 1286 3283 ¹

110 3377 178 3441 στφ
199 3348 375 3446 τράπεζαν·
396 3351 518 3446 ταύτην
538 3351 568 3424 δ’
591 3349 675 3426 εἶναι
696 3349 812 3441 ὁμοίαν
831 3360 904 3434 ταῖς
923 3347 1127 3447 ἐγγυθήκαις
1148 3359 1204 3427 καί

106 3461 326 3532 ἐπιτίθεσθαι
347 3459 400 3532 ἐπ’
419 3459 502 3556 αὐτῇ
522 3453 672 3555 τρυβλίον
693 3465 841 3556 χρυσοῦν,
863 3463 912 3545 είς
932 3461 1125 3554 δίμβαλεῖν
1139 3462 1203 3536 αδ-

102 3564 185 3649 .τοδς
193 3571 323 3662 πρῶτον
334 3573 394 3658 μὲν
403 3567 462 3662 την
473 3568 592 3662 ὄρυζαν
603 3568 724 3664 ἔφθην,
738 3568 782 3653 οἷς
794 3569 834 3642 δίν
845 3601 897 3655 τις
907 3568 1046 3670 ἑψήσειε
1056 3569 1204 3665 χόνδρον,

108 3673 224 3748 ἔπειτα
236 3675 309 3774 ὄψα
321 3677 430 3750 πολλοὶ
445 3691 735 3774 κεχειρουργημένα
748 3689 821 3763 ταῖς
831 3679 982 3764 Ἰνδικαῖς
1003 3683 1201 3761 σκευασίαις.

212 3795 313 3860 Clam.
336 3797 429 3860 Alex.
452 3797 869 3881 strom.1.p.132.sylh.
917 3784 1137 3882 Φανεριδτατα
1162 3792 1201 3860 cl

106 3894 327 3986 Μεγασθένης
347 3889 366 3964 ὁ
386 3889 590 3986 συγγραφεδς
613 3890 632 3964 ὁ
654 3890 802 3986 Σελεύκῳ
823 3899 872 3984 τη]
891 3890 1052 3986 Νικοίτορι
1079 3903 1201 3984 συμβε-

106 3998 235 4088 βιωκιδς
255 4002 296 4072 ἐν
317 4005 366 4095 τῇ
385 4005 502 4095 τρίτη
522 4005 602 4073 τῶν
621 3998 801 4074 Ἰνδικῶν
820 3997 886 4072 ὦδε
906 3996 1037 4096 γράφει·
1051 4000 1202 4078 ἰἈπαντα

106 4113 218 4200 μέντοι
236 4109 279 4184 τοί
294 4118 373 4207 περὶ
388 4109 519 4206 φύσεως
531 4115 686 4213 εἰρημένα
700 4112 791 4210 παρα
803 4123 877 4198 τοῖς
891 4111 1049 4210 ἄρχαίοις,
1072 4119 1202 4208 λέγεται

104 4225 159 4294 καί
180 4221 273 4318 παρα
292 4232 363 4307 τοῖς
384 4223 447 4310 ἔξω
467 4230 528 4316 τῆς
547 4221 701 4309 Ἑλλάδος
720 4230 951 4322 φιλοσοφοῦσι·
979 4225 1021 4299 τα
1041 4231 1100 4317 μὲν
1120 4224 1202 4320 παρ’
