2778 4802
681 944 859 1018 vm.

220 1315 314 1368 Natus
332 1328 389 1364 sum
408 1315 605 1380 ll'nlkenburgi,
627 1313 806 1364 pomeraniae
828 1311 965 1362 ulterioris
983 1307 1126 1375 oppidulo,
1148 1307 1245 1358 Idibus
1270 1307 1328 1357 No-

220 1408 322 1456 vembr.
339 1406 404 1455 anui
420 1405 615 1456 mccccxxl.
649 1405 701 1456 Ubi
719 1410 806 1468 pater,
824 1404 867 1466 qui
884 1401 1058 1466 Regiomonti
1080 1404 1139 1450 erat
1162 1413 1179 1448 a
1203 1397 1328 1447 consiliis

220 1497 350 1562 iustitiae,
367 1498 429 1548 milri
447 1502 510 1549 octo
528 1511 616 1549 annos
633 1507 700 1550 nato
718 1503 892 1562 praematura
909 1502 996 1549 morte
1013 1502 1122 1560 ereptus
1140 1501 1191 1560 est,
1212 1494 1328 1556 'l'angli-

126 1593 132 1604 ·
220 1587 300 1638 nalem
317 1586 360 1637 ad
383 1591 508 1650 patruum
531 1589 644 1652 missus,
670 1590 704 1638 ab
731 1603 764 1638 eo
790 1588 838 1637 lilii
855 1589 919 1638 loco
938 1590 1069 1638 educatus
1087 1599 1155 1636 sum.
1190 1586 1230 1634 Et
1249 1594 1327 1647 quun

220 1679 408 1743 progymnasit
425 1679 632 1742 'l'anglimiensis
650 1691 743 1728 omnes
761 1679 867 1726 classes
886 1678 1092 1740 percurrissem,
1110 1676 1261 1740 gymnasio
1276 1676 1324 1724 Se-

221 1769 334 1833 dinensi,
351 1783 414 1818 mox
432 1768 683 1830 Gryphlsvaldensi
700 1767 728 1817 ln
745 1765 914 1830 disciplinam
930 1781 989 1817 sum
1008 1769 1139 1818 traditus:
1162 1767 1258 1830 ibique
1276 1767 1325 1814 duo

222 1874 311 1912 annos
327 1868 518 1923 commoratus,
535 1858 676 1922 disciplina
694 1874 759 1911 usus
775 1874 834 1910 sum
846 1860 992 1910 llirectoris
1003 1859 1194 1924 (ilasewaldib
1213 1860 1323 1910 Proles·
1387 1872 1388 1893 l

219 1952 292 2002 soris
317 1950 450 2018 Palmum,
476 1957 504 2003 et
530 1953 576 2016 qul
599 1953 681 2004 etiam
708 1952 900 2003 humanissimo
923 1954 1038 2015 quodam
1062 1950 1258 2000 familiaritatis
1277 1963 1323 1998 usu

221 2043 319 2094 studiis
345 2044 412 2094 meis
440 2045 639 2095 consuluerunt
666 2051 692 2094 et
710 2050 929 2107 prospexerunt,
958 2044 1103 2092 Doctorum
1132 2043 1279 2093 cantaleri
1301 2045 1325 2088 et
1387 2104 1388 2109 ἵ

222 2138 352 2188 Thomsii.
387 2139 453 2188 Tum
471 2145 614 2201 postquam
631 2138 749 2199 aprima
766 2135 903 2200 gymnasii
921 2135 1011 2184 classe
1029 2139 1143 2196 propter
1160 2131 1323 2186 valetudinis

221 2229 433 2280 imbecillitatem
457 2228 585 2293 discessi,
629 2241 687 2278 mec
714 2227 798 2289 ipsius
824 2226 911 2276 studio
942 2237 1001 2274 eam
1027 2225 1180 2274 litterarum
1210 2231 1323 2286 partem,
1387 2246 1388 2271 r

220 2343 288 2393 quae
310 2329 339 2379 in
362 2329 513 2393 gymnasiis
537 2325 628 2377 doceri
650 2326 739 2391 solet,
762 2325 903 2374 addiscere
925 2326 1022 2374 studui.
1065 2323 1180 2390 Quare
1201 2330 1322 2386 peracta,

220 2431 301 2480 quum
319 2432 431 2468 examen
448 2419 644 2468 scholasticum
662 2417 730 2468 inire
747 2433 781 2468 ex
798 2418 967 2480 praescripto
993 2420 1107 2481 quodam
1125 2419 1188 2468 milri
1207 2419 1322 2468 nundum
1387 2456 1388 2475 ,

219 2511 326 2575 liceret,
344 2511 372 2560 in
391 2509 567 2560 universitate
585 2510 720 2560 litteraria
738 2510 984 2572 Gryphisvaldensi
1001 2525 1050 2572 per
1066 2514 1195 2562 semestre
1213 2511 1321 2561 scholas

220 2597 312 2649 auom
323 2599 512 2664 senoensem,
526 2579 850 2665 pratellensium,
861 2599 1009 2650 nortuum
1027 2599 1202 2662 altorumque.
1219 2601 1321 2650 natoue

222 2694 250 2741 in
268 2690 392 2742 examine
409 2692 550 2756 probatus,
568 2691 595 2740 in
613 2692 682 2740 hanc
700 2692 797 2742 almam
815 2691 967 2740 litterarum
984 2692 1073 2740 sedem
1098 2705 1138 2742 me
1164 2693 1281 2752 contuli,
1298 2694 1321 2738 et

223 2782 413 2831 universitatis
430 2772 533 2831 clvlbis
551 2782 637 2844 pridie
654 2783 718 2831 ldus
735 2783 824 2832 Maias
842 2783 907 2832 anni
923 2783 1154 2835 MDCCCXXXX.
1178 2784 1320 2846 ascriptus,
1387 2818 1388 2823 η

221 2884 271 2934 pcr
289 2873 346 2920 tres
364 2883 451 2920 annos
469 2874 495 2920 et
514 2871 650 2920 dimidium
667 2871 763 2920 litteris
780 2871 889 2936 iudicis,
909 2872 1021 2922 Graecis
1038 2873 1220 2935 Romanisque
1238 2877 1266 2922 et
1283 2872 1320 2920 lri-

220 2961 323 3012 ctoriae
341 2974 450 3023 operam
469 2962 538 3010 dedi.
573 2962 680 3010 scholis
698 2962 812 3010 interfui
830 2962 1022 3027 Argelanderi‚
1041 2965 1163 3026 Arndtil,
1187 2961 1320 3013 Brundisii

219 3053 401 3117 Dalrlmannii,
412 3052 506 3116 iliezii,
517 3050 658 3116 Diintzeri,
668 3052 774 3116 Flebili,
787 3053 943 3119 Freytagii,
954 3054 1319 3119 Gildemeisteri,1litsclrelii,

223 3146 341 3211 sybelii,
359 3150 386 3195 et
404 3146 499 3208 quibus
518 3145 660 3206 plurimum
680 3147 773 3210 debeo,
801 3147 856 3194 lere
874 3148 995 3195 omnibus
1017 3147 1156 3209 Lassenii,
1181 3145 1320 3202 Loebellii‚
1387 3182 1388 3187 ,

219 3235 378 3300 Schlegelii,
396 3235 552 3287 Welckeri.
570 3233 674 3300 Quibus
693 3235 761 3284 viris
780 3236 902 3285 omnibus
921 3250 970 3298 pro
989 3236 1098 3287 summis
1116 3238 1144 3286 in
1163 3252 1204 3286 ure
1223 3235 1318 3287 irretitis

220 3328 324 3388 gratias
341 3341 409 3390 quas
427 3327 557 3378 maximas
575 3341 637 3390 ago.
