2822 4786
521 279 727 344 ..29-

77 483 176 536 tamen
197 485 347 532 numerus
368 467 412 531 iiii
432 466 527 529 modo
549 459 754 564 computandi
783 461 866 524 satis
894 467 1047 524 accurate
1072 458 1168 522 vide·

75 593 120 644 tur
140 575 341 660 respondere.

151 686 260 748 Altero
283 704 408 769 quoque
431 679 524 746 modo
544 681 653 746 Indiae
666 680 918 764 magnitudinem
932 681 1167 766 Megasthenes

75 793 246 874 descripsit.
290 793 401 856 Asiam
424 793 505 854 enirn
527 789 567 852 ad
590 789 731 853 Africum
755 789 849 852 sitam
863 787 894 853 in
910 801 1044 874 quatuor
1057 801 1167 874 partes

73 903 129 964 sibi
150 900 275 981 diuidit,
299 899 477 983 exquibus
499 897 660 960 contendit
690 917 775 978 eam,
797 916 880 980 quae
902 917 921 961 a
942 899 1021 963 mari
1031 899 1072 963 ad
1091 901 1161 964 hiu-

55 1012 208 1092 ‘phratem
230 1016 351 1090 pateat,
374 1025 449 1070 esse
468 1005 639 1090 minimam,
652 1005 732 1068 alias
748 1004 841 1088 duas,
859 1024 943 1088 quae
959 1016 1061 1072 terras
1083 1010 1164 1074 inter

72 1119 179 1181 Indum
201 1127 234 1180 et
255 1118 450 1199 Euphratem
480 1111 768 1198 comprehendant,
792 1116 978 1181 coniunctas
998 1118 1054 1180 vix
1071 1138 1166 1200 pares

71 1245 138 1288 esse
159 1225 329 1298 Indiaeffi).

144 1334 317 1396 Postremo
347 1337 563 1399 astronomica
583 1335 735 1400 indicavit
755 1345 861 1400 terrae
882 1337 978 1401 situm
1003 1345 1035 1400 et
1056 1338 1162 1402 ambi-

68 1450 140 1524 tum,
160 1440 247 1524 apud
271 1442 462 1506 Strabonem
483 1442 532 1505 76.
554 1461 733 1506 memorans
753 1443 888 1508 haecce:
909 1437 944 1507 ἐν
958 1447 1027 1519 τοῖς
1039 1441 1159 1521 νοτίοις

69 1546 181 1636 μέρεσι
202 1545 262 1634 τῆς
280 1535 419 1634 Ἰνδικῆς
438 1536 498 1626 τάς
518 1569 555 1612 τε
577 1539 716 1636 ἄρκτους
729 1538 1015 1638 ἀποκρύπτεσθαι,
1037 1550 1090 1615 καὶ
1104 1543 1165 1630 τοίς

71 1647 157 1733 carde
173 1649 381 1722 ἀντιπίπτειν
389 1663 443 1734 ⁹⁶).
478 1660 621 1721 Alterum
637 1657 705 1723 fieri
725 1661 755 1722 in
777 1670 924 1726 extrema
939 1663 1049 1726 indiae
1061 1673 1163 1748 parte,

69 1785 146 1848 quae
168 1765 332 1828 meridiem
353 1783 470 1828 versus
491 1767 553 1826 sita
574 1774 642 1863 pst,
677 1767 810 1830 alterum
831 1766 863 1829 in
885 1769 1028 1831 omnibus
1049 1771 1161 1852 regio-

69 1875 157 1936 nibus
182 1875 222 1936 ab
245 1874 367 1957 tropico
389 1871 430 1935 ad
458 1873 618 1934 meridiem
642 1873 726 1955 sitis,
747 1894 840 1936 nemo
862 1884 912 1938 est
934 1878 989 1958 qui
1010 1879 1140 1940 nesciat.

145 1983 233 2043 inter
255 1999 314 2043 eos
335 1981 438 2063 locos,
462 1979 514 2060 qui
536 1998 578 2040 ex
598 1977 824 2062 Megasthenis
839 1979 955 2042 Indicis
976 1992 1162 2064 supersunt,

70 2088 106 2152 ad
140 2089 386 2173 topographiam
421 2098 453 2151 et
487 2087 752 2171 chorographiam
786 2108 848 2150 non
882 2089 970 2151 muiti
996 2095 1163 2172 pertinent.

71 2193 129 2274 Qui
149 2215 215 2258 non
236 2197 338 2258 solum
359 2194 401 2257 ad
428 2212 485 2256 eas
512 2195 658 2276 regiones
686 2203 846 2276 spectant,
868 2213 949 2278 quas
976 2197 1047 2278 Ipse
1068 2216 1164 2280 pera-

71 2305 174 2385 gravit
194 2303 438 2388 Megasthenes,
468 2299 526 2363 sed
552 2301 592 2363 ad
624 2310 727 2366 toturn
764 2304 900 2386 spatium
937 2305 976 2366 ab
1004 2305 1165 2390 Himaiiaja

134 2462 229 2516 gnum,
248 2449 310 2514 quia
328 2449 418 2506 Indiae
435 2451 649 2514 magnitudinem
673 2451 803 2503 minorem
820 2463 899 2514 quam
916 2454 1111 2516 Megasthenes⁴
1122 2453 1168 2509 in-

132 2541 275 2608 dicaverit,
293 2542 378 2593 solam
395 2555 548 2592 mensuram
565 2545 639 2594 XVI.
657 2545 724 2593 miii.
742 2547 812 2594 stad.
830 2545 960 2610 tradidit,
975 2558 1027 2607 quo
1045 2545 1108 2596 Ioco
1133 2549 1164 2602 ut

132 2634 297 2694 probaretur
321 2633 359 2696 id,
385 2634 456 2695 quod
477 2631 646 2695 Hipparchus
674 2631 774 2697 voluit,
800 2632 930 2682 maximus
951 2645 1078 2682 uumerus
1105 2636 1166 2684 erat

132 2721 296 2784 aptIssimus.
312 2747 346 2760 -·-
379 2721 500 2773 Maiores
521 2723 561 2772 ita
582 2727 660 2774 ortos
687 2721 898 2774 existImaverim
920 2735 1057 2790 numeros,
1083 2722 1165 2775 utari

75 2843 79 2852 ·
132 2815 297 2866 occidentem
314 2817 506 2881 Megasthenes
529 2817 750 2868 annumeraverit
773 2814 864 2885 Indiae
890 2815 1030 2866 cacunem
1055 2818 1083 2866 et
1107 2823 1168 2866 esai

131 2908 253 2960 Arianae
271 2912 383 2975 partem,
409 2925 488 2975 quam
504 2911 619 2964 Seleuco
636 2910 856 2978 K'andraguptas
874 2913 980 2979 ademit,
999 2916 1035 2964 ad
1057 2917 1168 2977 septen·

80 3057 82 3066 ¹
131 3001 237 3051 triones
255 3003 381 3053 finitimas
399 3009 503 3071 gentes,
521 3020 550 3056 v.
569 3020 593 3057 c.
611 3009 802 3072 Uttaracuros,
819 3018 933 3070 quorum
950 3005 1008 3068 ipse
1026 3005 1081 3054 alio
1099 3005 1165 3072 Ioco

133 3093 296 3143 mentIonem
312 3093 386 3144 fecit.

200 3184 230 3233 Id
257 3186 328 3247 quod
354 3186 386 3234 da
408 3183 550 3235 latitudine
575 3184 666 3235 Indiae
690 3189 880 3250 Megasthenes
903 3184 981 3250 dixit,
1005 3199 1056 3248 per
1080 3188 1165 3238 totam

131 3275 302 3329 Graecorum
318 3275 511 3342 geographiam
527 3279 684 3340 perpetuum
700 3278 807 3340 mansit,
824 3278 865 3328 ita
882 3281 911 3327 ut
934 3289 968 3327 ne
993 3279 1168 3330 Ptolemaeus

131 3367 249 3434 quidem,
266 3370 312 3432 qui
328 3369 430 3420 Indiam
447 3383 497 3433 per
512 3372 576 3422 XVI
592 3370 659 3421 miii.
678 3370 781 3424 uoco.
799 3372 868 3421 stad.
886 3371 994 3422 extendi
1009 3374 1097 3440 putat,
1109 3372 1165 3422 ali-

129 3466 261 3522 quantum
277 3461 427 3512 dissentiat.
461 3463 515 3512 Sed
531 3461 712 3527 longitudInis
733 3475 897 3530 mensuram,
923 3475 1002 3527 quam
1022 3465 1165 3530 indicavIt,

130 3563 224 3602 omnes
242 3553 402 3621 reiecerunt,
419 3565 452 3604 nc
475 3553 629 3617 opinionem
652 3555 769 3606 omnium
786 3558 907 3607 veterum
925 3558 1102 3623 offenderent,
1120 3557 1165 3621 qui

130 3655 231 3694 zonam
249 3645 378 3696 torridam
395 3648 527 3708 putabant
542 3647 658 3697 habItari
681 3661 736 3698 nou
759 3662 851 3718 posse,
877 3652 926 3700 aut
947 3651 1051 3700 Indiam
1076 3660 1164 3710 pone-

129 3740 193 3787 rent
219 3734 307 3802 (sicnt
335 3735 518 3804 Hipparchus]
549 3751 610 3790 cum
639 3740 783 3798 manifesto
813 3755 906 3794 errore
936 3742 1022 3792 mutto
1051 3739 1164 3805 longius

131 3827 330 3892 septentrIones
347 3839 454 3878 versus.

69 3914 117 3983 tt)
134 3921 198 3976 Arr,
217 3933 278 3982 exp.
297 3921 376 3970 Alex.
393 3921 429 3970 V.
449 3923 474 3970 6.
491 3921 573 3971 aua.

70 4008 118 4077 26)
134 4010 178 4062 cr.
195 4012 274 4062 Diod.
292 4013 328 4062 II.
347 4013 394 4076 35,
412 4013 482 4064 Ptin.
499 4016 524 4064 h.
541 4027 567 4064 n.
588 4016 638 4065 VI.
655 4017 702 4066 22.
721 4019 747 4066 6.
781 4017 823 4065 Ex
840 4015 1021 4078 scriptoribus
1038 4020 1163 4070 Alexan-

131 4107 174 4157 dri
191 4108 291 4158 simiiia
313 4111 506 4160 contenderant
522 4111 662 4161 Nearchus
683 4116 710 4160 et
728 4110 909 4175 Onesicritus,
935 4116 962 4162 et
988 4115 1032 4176 qui
1057 4118 1164 4164 modurn

130 4201 257 4264 excessit,
273 4203 364 4250 Baeto.
376 4203 479 4265 (strab.
497 4203 543 4266 rt,
561 4205 630 4253 Piin.
649 4203 659 4250 I
684 4199 719 4266 t.)
738 4201 778 4251 Gt.
798 4203 909 4255 [raason.
929 4207 1041 4257 institut.
1052 4208 1161 4268 linguae

131 4294 302 4352 praeriticae.
321 4293 442 4352 append.
460 4306 485 4352 p.
501 4293 529 4344 2.
