2778 4802
535 361 742 430 ...25:-

85 545 238 628 attritu),
266 557 318 610 eat
347 547 587 628 reputaturum,
607 563 668 610 nee
694 565 755 610 nen
775 539 866 630 ipses
889 547 958 612 eius
985 539 1099 631 libres,
1130 547 1192 612 sed

85 656 249 736 epitomen
270 663 304 716 et
323 655 496 735 partiates
518 653 671 738 quasdem
693 655 884 738 superstites
905 654 1024 740 legere.

177 777 238 840 llis
260 778 416 860 expositis
437 785 547 862 petest
568 777 718 863 iudieari,
747 791 850 846 utram
873 781 1017 847 Ctesiam
1038 787 1070 847 in
1093 801 1190 848 enare

87 886 198 950 randis
217 888 317 950 rebus
338 887 571 970 Megasthenes
592 895 726 952 secutus
747 891 787 952 sit
815 895 929 952 neehe.
954 913 958 924 ·
980 889 1107 956 Etenim
1137 893 1190 956 fa-

87 997 201 1078 bulas,
232 1014 312 1081 quas
344 1006 477 1082 uterque
506 999 619 1083 relert,
650 997 846 1063 ostendimus
875 1001 962 1082 apud
984 997 1082 1063 indos
1115 999 1191 1064 essd

87 1108 311 1189 pervulgatus,
339 1105 461 1187 etipse
482 1101 717 1189 Megasthenes
741 1085 802 1168 non
825 1103 920 1168 modu
937 1097 1098 1190 nusquam
1110 1107 1191 1172 (lte-

88 1211 170 1276 siam
192 1213 345 1296 laudavit,
367 1213 424 1308 sed
442 1213 538 1278 etiam
552 1209 750 1278 Brahruanas
771 1214 938 1279 confitetur
959 1214 1017 1278 sibl
1039 1215 1191 1280 authores

88 1323 194 1385 hrisse
216 1321 255 1384 de
276 1319 391 1386 lahulis
412 1319 546 1406 eisdem,
567 1339 649 1405 quas
664 1321 793 1388 Ctesias
808 1323 912 1387 tradit.
953 1321 1079 1388 Deinde
1095 1338 1192 1408 quurn
1233 1319 1235 1324 ’

92 1431 180 1494 theat
208 1419 285 1503 τούς
310 1415 371 1510 pter
399 1415 454 1492 οἶψ
481 1420 613 1516 ἀγρίους
639 1420 685 1516 μή
712 1425 910 1513 κομισθῆναι
931 1421 1023 1517 trapa?
1043 1417 1192 1516 Surripui&

90 1554 216 1601 serrum
243 1528 481 1623 ἀποκαρτερεῖν
506 1527 569 1624 γάρ
597 1547 630 1601 et
657 1524 821 1616 ἀστόμους
851 1532 889 1600 δέ
918 1552 1009 1613 τινας
1039 1528 1195 1624 exuritur,

90 1665 169 1710 sese
188 1645 230 1709 de
247 1645 301 1708 his
321 1663 447 1728 qunque
468 1645 563 1708 rebus
579 1644 687 1727 ludos,
709 1663 773 1707 nun
792 1643 936 1709 (iterium
953 1653 1099 1711 secutum
1115 1665 1192 1710 esse

91 1751 222 1818 indicat.
264 1753 379 1834 ltaque
399 1769 601 1836 nequaquam
623 1761 731 1834 petest
752 1753 922 1836 contendi,
944 1753 1193 1840 Megastheneur

90 1863 344 1927 caesarensem
375 1875 449 1922 esse
477 1857 574 1943 libro,
603 1861 663 1922 nisi
691 1861 775 1923 forte
802 1863 934 1926 alterius
962 1863 1099 1926 narratio
1129 1871 1194 1925 taur

91 1977 244 2036 accurate
258 1973 337 2034 'uum
364 1969 464 2034 alteru
486 1971 674 2051 conveniat,
695 1980 729 2032 ut
751 1969 955 2034 manifestum
976 1973 1036 2055 sit,
1059 1971 1191 2033 alterum

91 2095 136 2142 ex
158 2079 258 2143 alteru
278 2086 401 2161 partem
426 2075 583 2160 qrtaudam
604 2077 764 2140 hausisse.
808 2075 876 2140 Sed
899 2077 928 2138 si
952 2059 1117 2160 utrumque
1139 2079 1191 2140 iu·-

90 2187 246 2268 spexerls
275 2185 474 2264 aeeuratius,
506 2182 599 2246 facile
632 2182 848 2264 intellexeris,
891 2184 992 2246 solam
1026 2182 1193 2264 utriusque

97 2293 261 2356 materiem
283 2308 325 2356 ex
347 2292 453 2375 aliqua
473 2299 565 2373 parte
584 2291 765 2373 auneinere,
796 2287 977 2372 discrepare
999 2291 1193 2372 explicatio*

94 2409 185 2479 netu,
214 2408 248 2462 et
267 2405 420 2464 maturam
442 2410 521 2463 esse
540 2388 756 2462 manutenent*
773 2389 1004 2462 dissensionem
1026 2417 1121 2484 quarn
1145 2401 1195 2462 si-

92 2497 311 2574 militudinem.
355 2503 417 2572 cet
430 2509 608 2572 setrteutiae
622 2527 686 2570 una
704 2515 758 2571 res
774 2495 843 2571 sela
859 2508 987 2571 uldetirr
997 2520 1192 2592 repugnaret

93 2632 167 2679 nem
189 2627 289 2699 quum·
306 2615 436 2678 Ctesias
454 2613 495 2678 de
517 2613 585 2678 Sila
606 2609 707 2676 lluvio
727 2609 909 2696 tradiderit,
938 2613 1013 2675 nihil
1038 2614 1191 2698 innatare,
1273 2618 1277 2623 ’

97 2723 203 2786 omnia
223 2727 329 2805 mergi
349 2723 462 2798 (lithr.
483 2739 514 2805 p.
535 2719 645 2804 duh),
673 2719 758 2784 idem
785 2718 1019 2804 Megasthenes
1041 2713 1099 2783 sed
1120 2723 1196 2804 qui·-

93 2821 238 2896 busdam
253 2831 368 2896 additis
390 2831 548 2895 narravit:
579 2829 759 2892 hessenius
779 2835 907 2913 auteur,
939 2843 1037 2912 quum
1058 2829 1192 2892 eandem

94 2934 233 3002 fabulam
265 2934 429 3019 vulgatam
464 2953 540 2999 ease
571 2936 657 3017 apud
693 2934 790 2998 ludos
819 2931 1023 3022 estenderet,
1056 2935 1110 3017 qui
1140 2951 1194 2996 res

95 3063 207 3111 ornnes
233 3048 265 3110 iu
295 3047 364 3109 sue
392 3046 558 3106 immersas
584 3045 614 3104 in
645 3043 769 3125 lapides
797 3043 953 3105 immutari
980 3044 1195 3124 opinarentur,

94 3159 239 3224 creatam
263 3167 297 3220 et
316 3153 559 3238 elegentenem
574 3153 715 3217 lndieum
736 3155 924 3216 narrationis
944 3153 1080 3216 eelurem
1102 3171 1192 3220 eom:—

93 3277 241 3330 mutasse
263 3257 425 3328 uunteutlit
444 3259 623 3338 [Zeitsuhr.
646 3261 669 3323 f.
692 3259 808 3322 Kunde
822 3259 852 3326 tl.
866 3260 1025 3344 Morgenl.
1045 3262 1087 3326 ll.
1109 3260 1194 3337 630¹:

94 3377 183 3459 quod
203 3376 231 3436 si
243 3374 289 3437 ita
305 3383 403 3454 esset,
427 3380 607 3454 appareret,
622 3369 917 3453 uegeetnemmtn
933 3370 994 3432 hae
1008 3389 1044 3434 re
1061 3370 1194 3435 Ctesiae

93 3485 237 3563 vestigia
254 3493 401 3548 seratum
422 3497 508 3544 esse.
549 3472 627 3544 'Sed
649 3491 743 3560 quum
762 3477 845 3540 aliae
866 3477 1010 3541 eiusdem
1032 3483 1192 3542 narratio-

95 3592 147 3654 nis
170 3600 277 3670 partes
297 3591 379 3652 inter
398 3606 436 3652 se
455 3607 519 3652 nen
540 3589 751 3666 eonveniant,
774 3596 807 3648 at
828 3603 924 3668 qurum
948 3587 1060 3649 Cresia
1080 3587 1195 3664 repie-

93 3702 166 3763 sius
190 3697 422 3784 Megasthenes
444 3715 510 3759 rem
538 3697 751 3778 enarraverit,
781 3697 858 3760 lieet
883 3695 1062 3770 eeniiaere,
1092 3693 1197 3772 expli-

97 3809 255 3872 eatinnem
273 3807 358 3866 ittam
381 3804 422 3867 eh
443 3801 531 3866 laidis
549 3809 719 3885 repetitam
740 3819 815 3866 esse
838 3807 871 3866 et
889 3810 1021 3866 exstere
1032 3802 1065 3862 irr
1083 3799 1196 3864 tttterta

147 3923 151 3936 .
190 3909 193 3946 ς
228 3906 257 3953 sp
290 3933 292 3940 .
321 3925 324 3931 -
438 3929 442 3938 ,

99 4097 153 4172 70)
170 4099 239 4148 Nam
256 4059 331 4154 certa
348 4101 478 4162 quaedem
496 4112 550 4150 unu
568 4103 657 4171 exstat
674 4111 771 4160 eausa,
798 4111 847 4152 eur
862 4093 1032 4172 Megastheai
1051 4106 1131 4178 53⁰⁵
1098 4031 1197 4168 a'ttr'i:

166 4189 278 4240 buumua
296 4189 358 4239 loen
344 4205 374 4239 ns
392 4190 603 4277 eplealndprum
615 4190 735 4240 carmina
750 4192 914 4250 spectr,rutes
933 4186 1116 4252 qtrrleguutur
1125 4187 1196 4246 apud

93 4251 272 4328 amman·
291 4293 316 4327 v.
335 4279 360 4329 h
378 4279 436 4388 llll
444 4247 509 4344 47,
528 4280 611 4370 Dion.
629 4279 771 4340 curyeost.
790 4290 829 4329 or.
848 4277 892 4328 ta.
913 4275 1113 4337 dellirruerup
1131 4273 1196 4327 eut.

124 4365 333 4425 themlt‘
289 4359 341 4394 ¹²⁸
