2822 4786
558 281 768 346 ..ρο-

128 461 260 528 Diodori
289 466 344 536 (ll.
370 463 421 528 35.
451 469 535 548 aeq.)
564 468 774 533 confirmatur.
826 467 1026 550 Quamquam
1059 473 1103 536 ite
1138 473 1222 536 eirea

128 590 186 634 eas
208 580 334 655 portes,
357 589 439 656 quae
461 580 582 638 certum
605 575 710 637 locum
730 574 868 656 habent,
899 585 1027 642 ceterae
1054 599 1138 662 quae
1166 600 1221 644 re-

129 689 218 743 stant
247 681 394 744 collocari
428 700 468 745 ec
494 680 619 764 disponi
644 689 800 766 possunt,
827 682 1021 764 probabilius
1050 686 1129 769 alie,
1157 686 1221 750 alia

126 791 289 864 incertius,
313 798 417 852 tamen
438 791 502 852 boc
523 791 617 854 modo
631 791 839 856 demonstrari
857 794 974 874 nequit,
996 794 1220 876 Megastbcnis

127 897 236 960 lodice
256 907 389 980 quatuor
409 906 532 962 tantum
553 901 649 964 libros
671 902 874 964 continuisse.

210 1005 307 1069 Nulla
338 1015 387 1070 est
420 1025 539 1091 cause,
572 1019 700 1093 propter
729 1031 822 1095 quam
845 1015 1092 1096 Megasthenem
1114 1013 1221 1080 Attica

127 1124 264 1188 dialecto
285 1143 378 1189 usum
401 1145 478 1190 esse
499 1137 556 1192 aut
576 1128 754 1194 dubitemus
776 1142 833 1196 eut
862 1151 1030 1216 negemus.
1078 1131 1172 1210 Quod
1201 1150 1220 1194 a

128 1229 371 1313 quibusdam¹⁷)
402 1245 553 1318 negatum
585 1247 636 1301 est
663 1248 793 1323 propter
820 1242 904 1304 hunc
932 1240 1064 1304 Eusebli
1095 1242 1220 1303 locum:

127 1327 231 1424 Εὗρον
251 1337 289 1404 δὲ
315 1339 369 1403 καὶ
396 1337 430 1404 ἐν
456 1341 498 1429 τῇ
517 1333 696 1430 Ἀβυδηνοῦ
714 1341 794 1432 περὶ
812 1337 990 1433 Ἀσσυρίων
1010 1345 1123 1436 γραφῇ
1142 1343 1222 1432 περὶ

127 1445 187 1510 τοῦ
208 1440 498 1538 Ναβουχοδονόσορ
525 1451 639 1517 ταῦτα·
671 1453 894 1543 Μεγασθένης
915 1455 951 1518 δὲ
976 1475 1068 1544 φησι,
1091 1458 1218 1537 Ναβου-

126 1546 321 1644 κοδρόσορον
342 1546 545 1644 Ἡρακλέους
566 1550 787 1647 ἀλκιμώτερον
806 1551 956 1648 γεγονότα
970 1559 1027 1627 e’rcl
1041 1585 1078 1626 τε
1092 1552 1220 1648 Λιβύην

126 1661 181 1728 καὶ
193 1655 335 1752 Ἰβηρίην
352 1666 559 1753 στρατεῦσαι·
574 1659 697 1746 τούτοις
709 1659 765 1734 οὖν
775 1660 1014 1758 χειρωσάμενον
1024 1659 1220 1751 deducenda

125 1765 249 1838 αἰτέων
270 1769 319 1850 εἷς
337 1767 379 1838 τοὶ
401 1768 495 1856 δεξιοὶ
513 1776 574 1840 τοῦ
593 1766 723 1842 Πόντου
744 1776 934 1847 κατοικίσαι.
982 1770 1082 1844 Macci
1102 1776 1140 1843 δὲ
1161 1777 1219 1843 λέ-

125 1905 218 1968 γεται
238 1872 322 1968 πρὸς
342 1879 530 1968 Χαλδαίων,
552 1874 598 1960 οἷς
619 1877 742 1968 dvenae
765 1882 820 1950 ἐπὶ
833 1879 874 1952 τοὶ
888 1878 1045 1976 caecilia
1058 1905 1218 1966 κατασχε-

126 1989 207 2079 θείη
229 1991 303 2076 θεῷ
323 2016 350 2058 κ.
372 2016 400 2056 τ.
424 1989 450 2062 λ,
475 1999 598 2077 (praep.
624 2015 676 2058 ev.
703 1998 763 2060 lX.
790 1998 840 2059 41.
869 1998 917 2060 ed.
941 1998 1052 2062 Colca.
1077 1999 1167 2062 inse.
1188 2016 1219 2078 p.

126 2103 197 2168 456.
219 2105 284 2180 D.).
338 2103 424 2166 Nam
451 2121 548 2184 quum
578 2104 662 2168 bauo
688 2106 877 2166 sententiam
902 2093 986 2185 perol
1017 2101 1055 2168 δέ
1087 2115 1147 2168 etc.
1177 2103 1219 2170 ad

127 2211 259 2274 verbum
292 2231 334 2275 ex
368 2214 583 2297 Megasthene
620 2219 812 2296 exscriptam
846 2215 920 2279 VV.
956 2216 1025 2278 Dl).
1061 2221 1219 2296 putarent,

131 2323 198 2385 eius
229 2323 326 2386 libros
353 2324 457 2386 ionice
483 2325 619 2406 scriptos
651 2323 865 2387 coniiciebeut
922 2322 985 2386 Cui
1009 2322 1145 2404 opinioni
1167 2331 1219 2384 est

126 2430 358 2513 opponendum,
380 2441 480 2496 totum
494 2434 578 2497 burro
594 2434 698 2496 locum
717 2434 865 2516 Abydeni
879 2449 965 2512 esse,
987 2432 1097 2514 itaque
1117 2432 1219 2494 solum

129 2540 160 2602 ld
190 2559 232 2603 ex
252 2542 467 2625 Megasthene
495 2561 572 2605 esse
596 2553 777 2624 sumptum,
810 2542 894 2624 quod
924 2541 1066 2604 oratione
1093 2539 1220 2626 oblique

125 2649 303 2730 Abydenus
325 2651 354 2714 ol
376 2652 528 2734 attribuit,
550 2659 583 2713 et
603 2649 686 2712 unde
707 2649 829 2711 directa
852 2651 952 2712 oratio
974 2649 1125 2730 coeperit,
1147 2649 1165 2710 i.
1190 2667 1218 2715 e.

124 2755 233 2818 verbis
251 2745 335 2836 μετα
357 2751 405 2833 de',
427 2756 577 2839 Abydeni
597 2756 709 2817 iterum
725 2754 865 2836 incipere
880 2754 1100 2818 narrationem.
1124 2750 1219 2830 Quod

125 2864 154 2925 si
186 2864 250 2928 ullo
288 2865 383 2929 modo
416 2863 543 2928 dubium
579 2881 655 2926 esse
689 2872 818 2945 posset,
861 2871 1078 2945 argumentum
1109 2861 1170 2924 loci
1201 2877 1221 2922 a

124 2973 350 3056 Megasthenis
371 2973 491 3038 indicis
512 2973 668 3052 alienum,
695 2973 833 3036 maxime
855 2975 884 3035 si
905 2971 937 3034 id
958 2989 1028 3034 cum
1050 2970 1120 3034 aliis
1142 2969 1221 3036 loeis

125 3080 273 3142 eiusdem
295 3083 472 3161 argumenti
493 3083 674 3162 conferres,
697 3085 754 3163 qui.
772 3081 855 3164 apud
881 3083 1072 3145 Strabonem
1093 3078 1167 3142 est.
1186 3087 1221 3142 et

95 3173 298 3269 'Iosephnm
326 3188 346 3249 l.
379 3188 401 3249 l.
433 3194 579 3269 exstant,
611 3187 812 3268 ostenderet,
842 3185 1089 3268 Megasthenem
1120 3187 1220 3252 solius

32 3283 35 3289 ⁵
124 3296 235 3360 brevis
269 3295 448 3358 sententiae
489 3279 803 3379 Ναβοοκοδρόσορον
829 3325 871 3337 -
902 3285 1084 3355 κατοικίσαι
1117 3292 1222 3362 luisse

125 3387 294 3470 auctorem.
336 3404 410 3466 Hoc
432 3402 505 3466 loco
528 3402 694 3486 expedito,
716 3419 797 3464 utras
820 3409 919 3464 restat
941 3401 982 3464 ad
1004 3401 1136 3464 verbum
1158 3421 1221 3465 ex-

124 3521 254 3593 pressus
283 3510 368 3593 apud
398 3510 596 3576 Clementem
626 3511 721 3574 Alex.
750 3509 887 3586 (strom.
909 3511 932 3572 l.
954 3529 984 3591 p.
1008 3507 1081 3574 132.
1103 3505 1222 3589 Sym),

124 3619 155 3680 in
178 3634 242 3700 quo
263 3619 391 3682 iontsmi
411 3637 452 3682 ne
473 3619 648 3702 vestigium
669 3617 799 3700 quidem
819 3617 916 3682 ullum
936 3618 1029 3682 inest.

208 3727 311 3791 Simul
333 3744 426 3808 quam
448 3732 574 3808 praeter
596 3727 678 3788 huuc
700 3726 760 3789 loci
782 3724 823 3788 ad
838 3726 974 3788 verbum
992 3721 1143 3803 exscripti
1157 3740 1219 3784 uon

123 3843 262 3912 exstent,
287 3841 320 3896 et
339 3851 434 3916 quum
455 3854 496 3896 ue
516 3843 661 3899 veterum
676 3817 799 3917 quidem
815 3832 1005 3897 testimoniis
1018 3830 1218 3914 adiuvemur,

123 3941 163 4004 de
185 3947 326 4007 oratioue
337 3941 558 4026 Megastlreuis
573 3945 698 4006 nonnisi
711 3944 862 4008 incertius
880 3940 1022 4022 iudicare
1034 3957 1221 4024 possumus,

137 4089 357 4108 m

124 4174 425 4244 invalescenti,
450 4181 577 4233 barchon.
601 4183 694 4235 thren.
718 4183 817 4233 Herod.
844 4183 903 4233 vlt.
921 4195 947 4246 p.
968 4181 1036 4232 170.
1057 4185 1084 4232 et
1101 4179 1219 4233 clinica.

193 4268 256 4320 inst.
275 4269 347 4319 flell·
367 4285 392 4334 p.
411 4271 487 4338 807„
504 4274 549 4336 qui
567 4277 657 4326 tamen
673 4275 730 4336 ipse
748 4273 907 4324 seutentiam
925 4275 1042 4325 mutavit
1050 4275 1097 4326 ut.
1115 4271 1217 4337 pide.

1371 4203 1398 4316 l
