2778 4802
653 343 861 406 ..43-

199 557 228 616 p.
255 535 301 600 it.
324 552 391 616 seq.
417 531 565 596 Philostr.
590 529 694 610 Apoll.
719 529 775 590 lll.
796 525 860 610 34,
894 543 969 609 pars
991 523 1146 608 quaedam
1171 526 1306 588 levioris

198 641 348 705 momenti
370 638 455 720 apud
476 639 578 702 Clem.
601 638 695 699 Alex.
717 636 835 698 Strom.
858 635 882 696 l.
905 653 935 714 p.
960 630 1032 714 132,
1055 632 1176 699 niiseb.
1205 653 1308 714 pree-

264 816 308 878 qui
326 815 352 864 in
371 811 512 864 Sermonis
537 816 565 862 et
582 811 744 862 Sentaneeis
761 810 894 860 simillime
921 810 1117 860 describantur.
1152 809 1306 858 Bussenius

265 911 372 970 contra,
390 907 441 955 hoc
458 905 609 969 exemplum
628 905 799 968 impugnans,
816 901 897 953 dome
910 901 1058 964 exposuit,
1082 900 1194 949 multum
1218 899 1305 948 inter-

267 1010 328 1046 esse
346 997 418 1046 iuter
434 997 628 1046 Sarmatian-um
647 997 730 1045 vitam
749 1000 777 1045 et
794 997 1020 1057 Samanueorum,
1042 991 1129 1056 quelis
1154 998 1269 1052 utraque
1288 1003 1306 1038 ιι

266 1086 402 1135 veteribus
412 1083 589 1147 describatur,
600 1097 698 1148 easque
709 1098 763 1147 res,
773 1098 841 1147 pune
852 1085 973 1146 utrisque
983 1094 1137 1132 communes
1149 1091 1305 1128 memoren-

265 1180 483 1239 tur,eommunes
494 1187 556 1224 esse
570 1174 686 1223 onmium
697 1180 834 1224 sectarum
852 1174 1004 1223 indicarum
1022 1171 1130 1222 ascetis.
1154 1169 1233 1234 Quod
1251 1181 1303 1218 ar-

263 1271 436 1331 gumentum,
460 1263 511 1314 etsi
530 1264 720 1328 gravissimum
739 1269 790 1326 est,
810 1275 864 1314 non
883 1263 920 1314 ita
937 1263 1023 1314 soluit
1039 1262 1241 1325 quaestionem,
1273 1266 1302 1310 ut

261 1359 297 1408 de
317 1358 368 1405 bec
394 1370 425 1406 re
449 1357 564 1408 dubitari
589 1367 647 1406 non
670 1356 785 1418 amplius
809 1355 901 1417 possit.
938 1356 1006 1404 Nam
1032 1355 1104 1404 bsud
1121 1353 1300 1404 onrittcndnm

261 1448 313 1508 est,
333 1457 421 1508 neque
439 1447 632 1496 Sarmatarum
650 1445 856 1509 descriptionem
880 1457 969 1507 neque
992 1447 1209 1494 samanaeornm
1229 1443 1300 1490 inte-

263 1549 340 1600 gram
357 1551 512 1603 superesse,
529 1545 656 1602 totosque
674 1539 764 1604 igitur,
783 1549 894 1600 quarum
913 1536 1040 1599 singulae
1058 1539 1150 1597 partes
1172 1545 1244 1584 nrrnc
1259 1533 1303 1582 iu-

268 1637 311 1680 ter
327 1645 360 1681 se
384 1630 538 1694 discrepare
563 1631 697 1696 videntur,
715 1632 843 1682 facillime
860 1631 980 1693 putuisse
997 1628 1161 1682 consentire.
1209 1652 1214 1660 ·

332 1719 477 1772 Cirnteudit
495 1720 590 1770 deinde
606 1722 764 1785 Lassenius,
781 1723 848 1772 satis
858 1733 991 1784 apparere
1010 1721 1092 1770 exbis
1111 1720 1214 1784 verbis,
1231 1734 1301 1783 quae

266 1815 337 1874 apud
357 1813 523 1862 Clementem
542 1813 590 1864 l.l.
607 1815 759 1864 adduntur:
787 1811 830 1862 ἓισὶ
848 1809 876 1862 δὲ
893 1815 944 1862 τῶν
958 1808 1044 1864 Ἰνδῶν
1062 1809 1086 1860 οἶ
1103 1817 1154 1868 τοῖς
1172 1808 1302 1862 Budua

269 1900 420 1965 πειθόμενοι
436 1905 641 1969 παραγγέλμασιν
660 1910 722 1969 etc,
757 1906 904 1957 §armenus
927 1903 997 1954 alios
1021 1915 1084 1954 esse
1105 1907 1186 1966 atque
1203 1907 1304 1956 Samu-

263 2003 350 2042 naeos
376 2007 401 2043 s.
428 1991 603 2045 Buddbuicos.
643 1997 790 2046 Lassenius
812 1995 907 2060 igitur}
925 1996 996 2046 sient
1021 1996 1225 2048 Celebrookius
1253 2000 1303 2046 As.

264 2086 327 2135 Res.
346 2087 391 2135 ix.
408 2087 474 2152 299,
492 2087 521 2138 in
538 2090 607 2138 bunc
625 2091 840 2139 modumiocum
860 2089 995 2139 laridatum
1023 2089 1216 2152 interpretatus
1242 2094 1301 2138 est:

264 2175 334 2224 Sunt
351 2175 394 2236 qrri
412 2175 483 2225 inter
501 2179 581 2226 indos
601 2173 718 2226 Budd‘ae
736 2185 882 2240 praecepta
899 2184 1047 2241 sequantur
1072 2193 1095 2228 s.
1114 2179 1240 2229 nonnulli
1257 2179 1302 2228 in·

265 2269 307 2314 ter
331 2263 411 2314 indos
428 2291 443 2302 -
460 2291 476 2304 -
492 2273 649 2328 sequnntur.
690 2269 785 2329 Neque
812 2269 917 2330 negari.
934 2274 1025 2329 potest
1034 2301 1044 2331 ,
1080 2271 1164 2318 verba
1189 2269 1251 2319 εῖσὶν
1276 2267 1317 2360 οἱ15

263 2351 413 2419 πειθόμενοι
430 2355 469 2406 ita
485 2371 563 2420 posse
581 2357 721 2422 explicari,
742 2364 770 2408 ut
787 2371 856 2422 eam,
874 2371 954 2421 quam
971 2358 1119 2408 hessenius
1138 2357 1212 2420 vult,
1235 2370 1303 2406 sen-

264 2448 375 2497 tentium
393 2450 515 2514 babeant,
535 2451 656 2512 quemvis
675 2464 769 2501 vocem
788 2455 831 2501 καί
846 2454 971 2516 additam,
987 2458 1015 2502 ct
1032 2465 1116 2504 voces
1132 2447 1192 2500 εἰσὶν
1209 2447 1233 2498 αἱ
1243 2463 1302 2500 non

264 2538 401 2590 seiunctas
418 2553 454 2590 ex
477 2554 527 2590 usu
550 2542 649 2592 Gracci
672 2544 805 2591 sermonis
827 2547 980 2606 exspectes.
1020 2545 1078 2592 sed
1100 2541 1206 2594 etiamsi
1231 2543 1302 2592 naec

264 2631 399 2694 omiseris,
418 2635 452 2680 ati
469 2631 706 2682 demonstrandum
725 2633 916 2682 nihilomnino
942 2633 987 2682 iiie
1004 2633 1081 2684 lucus
1106 2632 1197 2696 valet,
1222 2645 1301 2694 quem

263 2733 318 2769 non
337 2723 422 2770 minus
442 2723 508 2772 iicet
525 2723 551 2772 in
568 2724 638 2772 banc
655 2725 818 2772 sententium
836 2723 1026 2783 interpretari:
1053 2726 1122 2774 Sum
1142 2735 1208 2772 vero
1227 2720 1300 2781 (scil.

263 2814 425 2877 Sermonae,
444 2817 477 2862 de
495 2816 588 2876 quibus
606 2818 686 2863 modo
704 2815 789 2879 diste)
816 2814 853 2877 ii,
879 2815 925 2878 qui
942 2811 1058 2866 iiudd‘ae
1084 2817 1227 2878 praecepta
1252 2826 1299 2860 se-

263 2908 389 2965 quuntur.
423 2902 649 2967 Quemadmodum
667 2907 689 2954 si
707 2907 786 2956 istum
804 2906 893 2956 ioenm
919 2907 1111 2973 explicaveris,
1134 2905 1299 2958 eontrarium

265 3007 301 3044 ex
326 3005 359 3042 eo
385 3005 517 3058 apparere
544 2995 634 3058 vides,
660 3009 738 3058 qrrom
765 2999 836 3059 quod
862 2998 1008 3048 bessenins
1031 2998 1109 3057 dixit,
1135 3003 1163 3049 et
1180 2995 1300 3057 ostendi,

262 3084 429 3136 nnddbsieos
447 3097 506 3134 esse
522 3087 680 3136 Sarmanas.
719 3087 771 3138 Vix
788 3094 878 3138 autem
903 3090 976 3140 ullus
997 3089 1164 3140 elementem
1190 3101 1225 3138 ex
1249 3099 1301 3136 sua

263 3178 345 3240 ipsius
362 3177 475 3228 scientia
491 3179 578 3226 verba
594 3178 648 3228 ista
665 3177 797 3228 addidisse
814 3180 1004 3242 suspicabitur.

335 3269 365 3317 Si
390 3269 508 3318 breviter
536 3275 619 3318 totam
647 3271 829 3332 quiaestionem
857 3271 1078 3334 complectimur,
1105 3269 1214 3320 omissis
1237 3267 1302 3332 iilis,

263 3373 340 3421 quae,
357 3372 436 3420 quum
455 3359 534 3407 dubia
552 3365 578 3409 et
594 3360 722 3424 ambigue
743 3361 811 3423 sint,
833 3361 921 3410 nentri
945 3360 1013 3420 perti
1036 3365 1119 3418 certo¹
1136 3363 1301 3420 arguments

263 3461 323 3498 esse
340 3453 461 3511 possunt,
481 3463 534 3498 una
552 3453 656 3514 utrique
670 3452 786 3513 opinioni
803 3455 894 3501 restat
914 3464 1015 3524 causet
1030 3449 1227 3500 sltersnenim
1245 3463 1300 3500 no-

264 3551 339 3603 men,
358 3538 501 3604 descriptio
519 3543 636 3592 aiteram
654 3544 739 3606 magis
758 3541 875 3592 adiuvet.
909 3539 987 3603 Quod
1005 3553 1083 3604 quum
1101 3540 1141 3590 its
1163 3541 1213 3600 sit,
1237 3554 1300 3591 eum

263 3629 423 3680 sententium
441 3629 609 3693 superiorem
627 3632 709 3680 facile
727 3629 935 3693 existimaveris,
953 3643 1021 3693 qnae
1038 3631 1121 3682 tutius
1138 3629 1301 3692 descriptio-

262 3724 315 3789 nis,
333 3735 411 3785 quem
429 3733 498 3784 quae
515 3720 600 3770 soiius
617 3722 733 3771 neminis
750 3725 912 3783 argumento
935 3721 1027 3772 utitur.
1065 3723 1119 3774 Sed
1143 3722 1167 3771 ei
1191 3718 1300 3784 iudicio,

263 3813 332 3878 quod
357 3813 476 3866 defendit
500 3807 658 3876 lioblenius,
684 3811 850 3874 aliquantum
876 3814 1004 3874 ponderis
1030 3813 1131 3877 affert,
1154 3813 1225 3875 quod
1243 3814 1301 3862 tum

263 3905 370 3958 definite
386 3906 543 3960 meinimis
560 3906 753 3968 Megasthenes
770 3908 919 3956 sarmentis
940 3907 1077 3968 opposuit.
1116 3905 1184 3957 Nem
1203 3902 1300 3952 mirum

263 4010 331 4048 sane
348 3999 439 4063 ruent,
458 3999 615 4050 Brabmanis
633 3999 688 4047 tam
706 3997 830 4048 distinete
849 4011 897 4046 eos
916 4009 1061 4062 opponere,
1079 3995 1124 4058 qul
1141 3994 1191 4056 ipsi
1209 3994 1299 4044 Brab-

264 4097 361 4138 menae
385 4095 471 4139 erant.
515 4089 549 4139 lit
566 4090 691 4153 omnino,
718 4101 796 4152 quum
821 4092 948 4153 comm,
973 4087 1159 4151 Megasthenis
1176 4091 1300 4146 temporo

264 4174 399 4224 exstitisse
416 4177 441 4226 in
460 4181 536 4229 india
553 4180 763 4231 Buddimicorum
778 4185 881 4230 sectum
899 4192 916 4228 a
933 4180 1091 4230 liralrmnuis
1114 4175 1297 4241 dissidentem,

264 4265 359 4318 deiude
377 4279 457 4329 ouum
474 4271 692 4324 animadverterit
709 4275 758 4324 ilie
775 4272 919 4335 dissidium,
945 4273 1018 4332 quud
1042 4271 1113 4322 inter
1131 4271 1299 4318 Brabmauas
