2778 4802
539 325 747 388 ..57-

84 515 139 595 eit,
174 520 316 575 nostram
338 511 488 593 antiquae
515 508 625 574 indiae
645 510 811 574 seientiam
846 514 987 574 maxime
1026 510 1191 576 adiuturos

15 655 16 660 κ
81 620 203 700 fuisee3
222 615 341 686 imo'eo
362 617 503 682 aooessit
522 618 559 680 in
573 618 635 682 irae
647 616 753 680 studio
768 617 902 700 Strabo,
924 625 960 680 ut
973 617 1187 700 topographia

81 725 195 790 indiae
215 727 284 788 iere
300 725 403 788 omnis
424 723 509 806 apud
531 744 605 788 eum
627 724 839 789 desideretur.

164 833 299 898 Omnem
322 851 400 896 vero
423 835 553 896 modum
575 836 606 896 in
629 834 689 898 hae
710 835 935 900 oonsoriheadi
956 836 1080 898 ratione
1102 838 1187 897 Dio-

80 943 233 1015 doms⁴⁹)
251 943 404 1004 exoessit.
447 943 532 1004 Nam
549 959 643 1023 quum
666 963 741 1006 uou¹
753 943 849 1006 dente
867 944 1036 1015 strideret,
1058 947 1091 1004 ut
1106 941 1188 1004 alias

79 1046 227 1129 doceret,
249 1048 309 1111 sed
338 1046 476 1111 ineunde
505 1057 602 1131 atque
630 1052 757 1126 ieviter,
792 1063 828 1113 ut
859 1050 1009 1112 ianitiime
1032 1068 1052 1111 a
1080 1048 1188 1112 miritis

77 1158 252 1238 insuetur,
273 1173 331 1219 aas
350 1164 459 1237 partes
486 1157 548 1218 sihi
575 1157 765 1240 exquisivit,
802 1175 887 1240 quae
914 1157 989 1220 huie
1022 1157 1185 1238 propos‘ae

81 1264 223 1326 maxime
249 1265 493 1328 conveniebant
545 1265 658 1347 itaque
693 1283 756 1328 nou
791 1265 887 1328 modo
917 1265 1184 1329 seeumtissimas

78 1375 281 1434 narrationes
301 1372 531 1453 praetermisit,
560 1372 618 1434 sed
647 1374 743 1437 etiarn
771 1372 909 1454 iabuias,
941 1391 1024 1455 quas
1050 1373 1188 1435 lectores
1254 1367 1262 1384 '

79 1487 232 1561 poterant
251 1478 455 1542 inoredihiiee
475 1480 676 1544 existimaret
706 1498 840 1561 quorum
862 1482 934 1542 loeo
957 1499 1028 1543 eam
1057 1481 1189 1544 Iudioas

78 1590 171 1652 vitae
191 1597 315 1670 partem
337 1587 518 1652 describere
538 1587 677 1651 maxime
700 1589 731 1649 ei
752 1589 891 1668 placuit,
912 1605 996 1669 quae
1016 1589 1189 1671 singularis

79 1703 112 1758 et
132 1695 244 1758 ineosa
266 1691 404 1758 Graeois
425 1695 529 1758 videri
549 1703 671 1776 posset
724 1693 822 1773 Quod
844 1703 879 1756 ut
909 1701 1077 1776 appareat,
1108 1713 1187 1774 pro-

78 1800 166 1864 ierre
186 1800 284 1864 lineat
304 1798 369 1864 hoo
394 1801 593 1883 exemplum:
622 1802 675 1864 ux
697 1823 748 1882 eo,
778 1801 865 1883 quod
886 1799 1125 1884 Megasthenes
1147 1799 1188 1863 de

78 1905 354 1972 administratione
374 1907 466 1989 regni
489 1907 635 1970 Prasiaoi
658 1907 814 1989 prodidit,
846 1925 941 1970 uuam
963 1906 1025 1972 sibi
1057 1907 1189 1988 exaepit

86 2025 223 2098 partam,
245 2033 342 2097 quam
359 2017 392 2076 in
414 2014 540 2076 modum
561 2014 696 2078 iaheliae
711 2018 1017 2094 ioeosaenarraret3
1040 2032 1114 2077 uam
1136 2015 1189 2076 uhi

80 2123 286 2206 elephantum
297 2121 393 2186 modo
406 2120 590 2201 desumpsit,
611 2119 701 2185 addit
714 2121 815 2184 baeer
834 2112 900 2182 εἰσὶ
920 2114 959 2182 δὲ
980 2108 1060 2204 παρ’
1081 2110 1190 2192 Ἰνδοῖς

78 2225 136 2292 aeri
157 2223 215 2292 ἐπὶ
227 2217 312 2300 ,τούς
332 2221 444 2306 ξένους
471 2213 627 2310 ἄρχοντες
652 2222 803 2309 τεταγμὲι
810 2243 851 2303 οι,
872 2221 928 2288 καὶ
946 2220 1188 2312 φροντίζοντες,

78 2327 175 2408 ὅπως
193 2330 311 2420 μηδεὶς
332 2331 424 2412 ξένος
437 2323 601 2416 ἀδικῆται.
628 2332 707 2406 Τοῖς
726 2322 756 2394 d'
777 2321 985 2418 ἆῤῥωσοοῦσι
1004 2329 1070 2402 τοῖν
1090 2331 1190 2410 ξένων

78 2435 214 2530 ἰατρούς
234 2433 400 2528 εἰσάγουσι
426 2465 453 2506 κ.
474 2464 503 2506 τ.
526 2439 557 2505 λ.
578 2446 618 2506 11.
641 2443 693 2508 42.
723 2446 846 2508 'i'amen
866 2445 973 2526 aliquo
993 2445 1098 2526 pretio
1124 2465 1188 2510 non

78 2565 170 2619 earet
190 2555 337 2636 epitome.
379 2554 466 2616 Nam
489 2550 550 2614 etsi
568 2551 646 2612 novi
665 2553 798 2616 muitum
816 2569 879 2614 nou
900 2553 1127 2633 eoguosoiurus
1147 2571 1190 2616 ex

79 2665 146 2726 ista
174 2662 374 2742 narratione,
403 2667 510 2722 tamen
537 2675 633 2740 quum
657 2657 774 2738 optime
795 2676 874 2740 prae
893 2657 1011 2722 oeteris
1027 2657 1190 2734 cohaeret,

89 2861 315 2882 -1———21q

79 3005 138 3074 te)
159 3007 307 3074 Diodorus,
327 3023 484 3076 quamquam
502 3025 559 3064 non
576 3015 736 3079 confltetur,
763 3015 851 3064 tamen
870 3027 973 3064 omnem
990 3025 1048 3064 eam
1072 3013 1188 3075 partem,

153 3111 206 3162 qua
222 3100 333 3150 indioas
349 3113 394 3150 res
412 3105 553 3154 enarravit
570 3102 619 3169 (11.
638 3105 771 3169 tid-42),
789 3117 823 3154 ex
840 3106 1015 3168 Megasthene
1033 3101 1187 3162 descripsit.

151 3189 230 3256 Quae
238 3203 294 3252 res,
312 3203 394 3252 quun
404 3192 534 3256 ‘singulas
551 3195 643 3255 partes
659 3195 717 3244 tere
731 3207 825 3244 omnes
837 3207 903 3244 *oum
919 3191 981 3242 aliis
1003 3193 1188 3256 Megasthenis

147 3279 310 3342 fragmentis
319 3293 479 3344 comparare
488 3283 632 3345 possimus,
649 3284 719 3332 haud
734 3283 894 3347 ouiquamin
910 3284 990 3334 dubio
1008 3297 1069 3333 asse
1085 3287 1185 3346 potest.

147 3369 241 3432 itaque
260 3382 393 3433 nusquam
416 3371 584 3422 astrabone
602 3375 629 3421 et
651 3373 771 3422 Arriano
795 3379 887 3437 aperte
909 3373 1043 3437 dissentit,
1062 3373 1088 3422 si
1106 3386 1186 3422 unum

150 3461 230 3510 ilium
248 3461 340 3512 locum
355 3462 503 3526 exceperis,
521 3477 574 3526 quo
592 3464 804 3528 magnitudinem
821 3465 914 3518 Indiae
932 3465 1067 3529 exposuit,
1085 3466 1117 3514 de
1134 3477 1187 3526 quo

146 3565 231 3615 supra
247 3553 299 3602 iam
318 3554 441 3605 diximus.
483 3555 621 3606 Interdum
638 3557 727 3606 autem
744 3556 902 3608 aoouratior
919 3569 951 3608 ea
968 3555 1076 3619 notitia,
1102 3566 1181 3616 quam

146 3643 179 3692 da
196 3641 365 3704 expeditione
382 3645 561 3696 Maoedouiea
581 3639 747 3699 oduseoutus
769 3651 839 3711 erat,
871 3646 968 3711 edeeit,
990 3649 1021 3696 ut
1044 3644 1115 3694 altas
1143 3653 1188 3693 res

145 3737 383 3802 praetemitteret,
400 3739 472 3792 aliae
485 3741 647 3805 diligentius
673 3745 700 3792 et
717 3742 867 3807 copiosius,
892 3742 964 3792 alias
981 3739 1091 3790 bravius
1109 3739 1137 3786 et
1153 3750 1187 3786 ex

146 3834 226 3890 parte
252 3831 357 3882 tanum
380 3830 557 3888 exscriberet.
597 3833 641 3882 ita
662 3835 706 3884 est
728 3834 840 3898 fretun,
864 3837 894 3882 ut
916 3845 950 3880 ax
972 3829 1003 3880 iis
1020 3827 1184 3891 renuitas,

146 3931 214 3982 quae
230 3919 257 3968 in
275 3919 370 3970 iudum
387 3919 513 3986 iuduunt,
530 3922 660 3973 alienon
688 3920 939 3974 commemoraverit
961 3924 1070 3981 praeter
1094 3918 1185 3982 Vipi-

147 4024 216 4078 pam,
234 4011 378 4078 Vitastam,
396 4009 618 4080 K'andrab‘igam
635 4017 669 4068 11.
688 4017 734 4079 st,
753 4016 846 4066 deiude
863 4015 894 4062 ut
912 4011 995 4062 aliam
1019 4017 1098 4076 atque
1124 4016 1186 4063 Me-

147 4103 293 4165 gasthenes
318 4103 407 4167 (iungi
431 4105 602 4158 latitudinem
624 4109 787 4169 attribuerit,
813 4109 990 4170 eandemque,
1016 4119 1095 4170 quam
1121 4105 1188 4154 Aie-

146 4195 245 4246 xnndri
261 4195 374 4248 comites
391 4197 692 4263 dixerant-postremo,
710 4203 740 4247 ut
757 4200 789 4248 de
808 4199 968 4250 Aiexandro
986 4201 1114 4263 quaedam
1133 4195 1184 4244 ad·

51 4327 54 4333 ,
147 4288 339 4354 οἱιιοιιι,.ᾳιιο
356 4291 386 4344 in
402 4291 525 4354 reliquiis
542 4291 728 4356 Megastnenis
746 4292 944 4347 desiderantur.
1027 4343 1031 4350 ,
1055 4337 1057 4342 .
