2822 4786
205 473 282 554 lios,
304 491 398 556 quam
419 461 591 556 γενόμενος
610 476 640 536 in
658 468 851 556 γενομένους
872 473 1028 536 immutari
1042 471 1192 554 potuerit,
1212 471 1301 538 nulle

207 586 333 647 omnino
356 593 406 648 est
427 603 536 668 eausa,
558 602 615 649 eur
636 603 656 647 a
676 583 812 648 lectione
833 579 1139 646 omnium'eodieum
1160 581 1301 646 receda-

201 709 281 756 mus.
331 690 473 770 Quorum
501 693 691 775 scripturam
712 710 797 754 vana
818 692 998 755 coniectura
1021 690 1205 754 sollicitavit
1227 690 1301 754 Ca-

200 799 373 876 saubonus‚
394 789 648 862 substituendum
670 817 744 862 esse
767 797 963 861 contendens
986 784 1169 882 γενόμενος,
1200 818 1298 882 quum

201 917 329 972 eonstet
350 929 392 972 ex
414 909 572 974 Strabone
594 917 627 972 et
647 908 783 972 Arriano
803 909 848 972 V.
867 910 897 970 6.
917 908 958 989 2.,
981 908 1231 992 Megasthenem
1254 909 1298 973 ad

199 1017 447 1083 Sandroeottum
483 1021 615 1082 missum
654 1019 772 1098 luisse3
810 1035 891 1100 qnae
924 1034 1026 1079 eausa
1058 1017 1132 1080 nihil
1170 1021 1298 1080 omnino

199 1126 323 1206 probat.
374 1128 495 1190 'l'ameu
515 1147 536 1190 a
558 1125 741 1190 casauboni
772 1131 920 1206 tempore
949 1124 1108 1206 scriptura
1127 1110 1298 1205 γενόμενος

199 1229 284 1297 λανδ
306 1241 392 1296 reete
413 1234 546 1316 vulgata
567 1234 691 1298 mansit.

287 1341 477 1421 Disputatur
506 1341 598 1403 simul
623 1341 663 1404 de
692 1341 753 1404 olio
780 1343 866 1422 loeo,
895 1361 938 1407 ex
963 1361 1024 1422 quo
1046 1339 1293 1423 Megasthenem

201 1448 296 1512 etiam
320 1448 365 1510 ad
390 1447 507 1512 Porum
533 1448 713 1529 profectum
736 1468 811 1512 essa
831 1450 1016 1531 suspiceris.
1056 1449 1191 1528 Legitur
1212 1447 1294 1509 enim

199 1554 284 1640 apud
311 1556 481 1620 Attianum
507 1556 592 1629 (lnd.
617 1558 647 1624 5.
670 1557 718 1631 3.)
750 1558 827 1626 hoe:
870 1545 955 1618 Ἀλλ’
977 1545 1053 1620 οὐδὲ
1074 1549 1296 1640 Μεγασθένης

198 1654 322 1750 πολλὴν
343 1661 453 1728 δοκέει
472 1683 530 1746 μοι
551 1659 709 1728 έπελθεῖν
727 1663 786 1751 τῆς
806 1654 908 1728 Ἰνδῶν
928 1655 1051 1751 χῶρνγς,
1079 1649 1165 1750 πλήν
1184 1683 1221 1746 γε
1243 1653 1296 1727 ὅτι

199 1771 322 1838 πλεῦνα
361 1764 383 1859 ἢ
411 1766 444 1836 οἱ
483 1762 539 1852 ξδν
568 1758 771 1858 Ἀλεξάνδρῳ
805 1768 854 1854 τῷ
882 1767 1051 1836 Φιλίππου
1085 1759 1294 1847 ἐπελθόντες.

198 1877 420 1966 Ξνγγενέσθαι
449 1871 512 1968 γαρ
543 1869 772 1969 Σανδρακόττᾳ
800 1879 888 1965 λέγει
914 1877 963 1962 τῷ
992 1875 1134 1964 μεγίστῳ
1163 1875 1296 1962 βασιλεῖ

197 1985 261 2052 τῶν
280 1977 383 2053 Ἰνδῶν
403 1985 459 2052 καὶ
477 1977 579 2076 Πόρῳ
600 1992 681 2067 (sie)
703 1980 752 2052 ἔτι
770 1975 886 2050 τούτου
907 1985 1029 2068 μέζονι.
1079 1990 1148 2055 Sed
1168 1991 1293 2053 etiamsi

198 2099 357 2181 omiseris,
377 2101 497 2165 Porum
510 2109 585 2163 ante
601 2099 730 2164 Seleuci
742 2116 873 2182 regnum
888 2097 950 2159 iam
967 2097 1168 2162 intersectum
1189 2100 1292 2162 fuisse

198 2207 308 2279 (Diod.
321 2209 501 2291 xlx.1n.),
523 2207 773 2290 Megastlrenem
792 2208 888 2290 igitur
907 2220 974 2270 nonv
992 2208 1023 2268 iu
1044 2208 1096 2271 illa
1117 2208 1292 2292 legatione,

196 2311 257 2375 sed
285 2314 368 2375 sorte
384 2315 509 2396 ¹viginti
536 2317 628 2374 annis
655 2321 731 2376 ante
759 2314 902 2394 potuisse
929 2330 1000 2376 oum
1039 2333 1076 2376 eo
1110 2299 1292 2398 convenire,¹

197 2426 304 2482 tamen
324 2427 428 2483 restat
449 2420 568 2504 duplex
590 2423 623 2482 in
645 2421 699 2484 illo
722 2423 791 2484 loeo
807 2420 944 2484 absurda
958 2421 1125 2486 sententia.
1166 2423 1292 2487 Absur-

197 2526 270 2592 dum
291 2529 373 2590 enim
396 2536 466 2592 erat
487 2527 698 2610 contendere,
728 2529 994 2614 megasthenem,
1019 2531 1093 2612 quio
1112 2547 1182 2594 oum
1205 2533 1291 2599 Poro

196 2637 396 2713 convenerit,
427 2637 577 2701 maiorem
601 2638 710 2703 Indiae
736 2645 860 2719 partem
882 2637 1066 2701 Alexandro
1085 2657 1290 2723 peragrasse,

194 2743 362 2806 absurdius
384 2745 491 2827 etiam,
514 2747 664 2808 moiorem
688 2745 795 2809 dicere
816 2747 947 2828 Porum,
969 2764 1063 2827 qnam
1084 2735 1291 2830 K'andmgu-

194 2860 298 2934 ptam,
334 2871 428 2935 quem
455 2854 524 2935 ipse
547 2855 701 2916 Arrianus
730 2853 824 2918 modo
851 2854 1024 2936 appellavit
1052 2843 1109 2916 τὸν
1138 2849 1292 2937 μέγιστον

192 2953 332 3042 βασιλέα
351 2955 415 3021 τῶν
434 2948 545 3022 Ἰνδῶν.
588 2963 724 3044 Propter
745 2961 828 3022 liano
849 2963 1026 3024 sententiae
1045 2962 1138 3026 istius
1153 2983 1294 3045 perver-

192 3071 320 3134 sitatem
340 3069 536 3142 Laenates,
560 3088 654 3153 quem
675 3073 727 3135 alii
750 3080 826 3135 sunt
844 3074 957 3157 secuti,
981 3076 1119 3138 eonieoit
1141 3073 1290 3156 (pentap.

194 3176 261 3239 Ind.
283 3179 349 3253 dl.)
376 3179 480 3241 Iocum
506 3183 601 3244 etum
630 3180 768 3244 Arriani
794 3203 814 3243 a
838 3185 945 3245 scribe
965 3187 1099 3265 quodem
1118 3205 1191 3246 esee
1207 3204 1289 3264 pro·

189 3288 322 3366 sectum,
344 3291 401 3367 qui
420 3288 550 3367 Porum,
577 3308 668 3370 quem
689 3307 813 3366 semper
832 3293 867 3350 in
886 3309 941 3351 ore
955 3294 1073 3372 serunt
1083 3291 1214 3374 Graeci,
1238 3297 1291 3356 abi

193 3393 348 3454 deludio
370 3412 473 3454 sermo
493 3398 566 3472 fiat,
590 3395 622 3458 Ιι.
644 3394 665 3452 1.
686 3397 837 3455 omissum
859 3413 930 3453 esee
951 3412 1047 3471 oepre
1062 3396 1175 3473 ferens
1195 3398 1289 3458 verda

190 3505 255 3564 ista
276 3501 441 3562 addiderit.
485 3499 580 3580 Quod
601 3517 716 3563 vereor
743 3518 784 3560 ne
805 3498 959 3562 audacius
982 3499 1025 3563 V.
1040 3499 1079 3562 D.
1101 3497 1287 3580 suspicatus

190 3614 249 3700 sit,
273 3632 366 3697 quarn
389 3614 515 3690 verius3
545 3611 671 3674 temetsi
692 3618 812 3672 eertum
834 3617 906 3692 est,
934 3609 1102 3672 Arrianum
1123 3608 1172 3691 id,
1204 3608 1289 3694 qnod

193 3744 278 3789 nuno
299 3725 428 3807 legitur,
449 3742 512 3784 non
533 3727 677 3804 potuisse
697 3721 844 3786 seribere.
888 3720 956 3786 Sed
977 3722 1118 3804 faoilius,
1141 3723 1202 3785 nisi
1223 3721 1288 3786 fel·

191 3833 252 3915 lor,
274 3833 363 3895 loeus
383 3835 430 3894 ita
450 3836 558 3912 potest
580 3828 757 3908 emendari,
780 3834 814 3889 ut
826 3845 936 3890 aonam
951 3831 1142 3892 sententiam
1156 3828 1288 3892 habenta

191 3939 236 4000 ita
257 3939 338 4000 enim
360 3937 531 4021 legendum
554 3933 692 3998 videtur:
734 3929 956 4018 Ξογγενέσθαι
976 3924 1038 4018 peip
1059 3920 1289 4020 Σανδρακόττᾳ

190 4044 288 4133 λέγει,
309 4044 356 4130 τῷ
366 4044 509 4133 μεγίστῳ
523 4042 654 4130 βασιλεῖ
673 4041 736 4109 τῶν
753 4034 873 4124 Ἰνδῶν,
893 4041 948 4108 καὶ
968 4033 1090 4132 Πῶρον
1112 4037 1161 4108 ἔτι
1181 4029 1288 4126 τούτῳ

179 4150 318 4235 μέζονι,
350 4175 444 4237 quam
472 4154 725 4220 emendationem
748 4174 816 4237 per
847 4171 922 4217 sese
956 4153 1080 4234 probari
1115 4171 1288 4236 omnesque

188 4257 394 4328 diffieultates
416 4261 568 4344 expedire
592 4265 733 4328 arbitror.
