2778 4802
293 480 415 544 ladlam
437 480 519 544 siout
538 474 715 562 geographi
736 473 855 540 Graeci
869 495 926 558 per
941 475 1072 560 longum
1088 485 1215 557 tempus
1234 497 1315 560 prae

208 589 327 656 ceteris
355 590 448 656 terris
477 587 697 652 lubentissime
727 584 984 666 descripserunt,
1019 583 1065 647 ita
1098 586 1315 666 neglexerunt

99 702 105 715 '
207 695 363 762 historici.
405 695 504 758 Solus
527 693 688 756 Diodorus
710 691 882 754 universali
905 690 960 771 illi,
991 708 1086 771 quam
1106 692 1314 772 conscripsit,

208 804 361 870 historiae
383 803 492 867 indiae
512 800 760 884 descriptionem
782 799 927 878 inseruit,
950 816 1033 878 qaae
1061 805 1130 862 tota
1162 819 1207 860 ex
1233 801 1314 860 Mc-

140 957 144 966 .
207 911 366 994 gestione
388 912 550 993 exscripta
571 919 632 974 est.
685 912 721 972 ln
742 916 831 972 tanta
851 907 961 971 indiae
983 909 1188 991 neglectiore
1209 909 1314 970 uber-

207 1018 287 1082 rima
310 1037 349 1081 ea
376 1037 483 1082 rerum
503 1018 614 1100 copia,
646 1035 728 1099 quae
753 1017 786 1078 iu
809 1016 1033 1096 Megastheois
1052 1015 1173 1078 Indicis
1195 1015 1313 1095 inerat,

210 1127 295 1203 aliud
316 1147 422 1210 genus
443 1129 632 1210 scr'qtorum
655 1127 732 1188 licet
753 1125 793 1186 ab
816 1144 880 1186 uua
893 1131 983 1204 parte
997 1131 1052 1185 est
1067 1141 1177 1184 usum:
1197 1132 1313 1201 potres

209 1239 294 1306 eninr
316 1239 467 1301 ecelesiae
488 1235 702 1320 Megasthene
725 1241 947 1314 neonemque
969 1240 1111 1313 ternpore
1133 1233 1312 1294 Alexandri

211 1342 358 1409 comitum
390 1349 422 1402 et
451 1359 577 1420 eorurn,
614 1323 900 1420 qni'Megastheni
925 1337 1076 1418 aequales
1096 1335 1224 1400 iudicas
1254 1357 1309 1398 res

209 1456 440 1528 tractaverunt,
462 1447 642 1515 iamdudum
664 1455 756 1510 aetas
778 1443 874 1508 oblita
895 1451 957 1505 est.

290 1661 437 1734 Romani,
461 1657 673 1740 quodcunque
694 1657 736 1720 de
758 1613 848 1720 ludia
867 1656 1045 1738 sciverunt,
1071 1663 1262 1736 noeepemnt
1282 1673 1305 1718 a
1376 1747 1377 1750 Ἴ

215 1764 363 1844 Graecis,
383 1768 427 1830 ita
449 1773 483 1828 ut
510 1766 585 1827 novi
610 1765 678 1830 sere
715 1764 791 1838 nihil
823 1764 1011 1830 addiderint.
1060 1763 1183 1827 Multas
1212 1763 1303 1845 igitur
1376 1759 1377 1786 ³

210 1874 407 1937 narrationes
429 1891 525 1956 quurn
546 1875 682 1955 ex'ipso
699 1873 926 1954 Megasthene,
948 1881 1015 1938 tum
1032 1873 1184 1954 perenne
1201 1868 1309 1934 Grae·

209 1998 266 2046 eos
287 1983 462 2061 scriptores
485 1999 525 2043 ex
549 1999 587 2043 eo
612 1981 797 2044 housemnt.
831 1983 870 2042 Ρ.
896 1982 1039 2044 Terentio
1066 1981 1209 2042 Varroni
1226 1979 1312 2042 Ato-
1376 2055 1377 2062 ἵ

209 2093 280 2153 eino
300 2089 332 2151 in
352 2088 551 2174 geographia
578 2088 807 2152 conscribenda
838 2088 1083 2152 Eratosthenem
1110 2087 1309 2169 potissimum

210 2204 373 2258 auctorem
417 2191 519 2258 fuisse
549 2214 611 2258 nou
647 2195 840 2277 ignoramus.
881 2195 930 2258 M.
965 2184 1112 2272 Vipsania·
1144 2193 1310 2272 Agrippae
1376 2195 1377 2204 ’

210 2301 455 2374 commentarios
476 2302 508 2362 in
536 2300 599 2364 hac
620 2307 711 2381 parte
734 2320 796 2361 non
816 2301 897 2364 satis
920 2303 1071 2392 cognitos
1087 2301 1254 2384 hahemus,
1278 2298 1313 2363 ut
1376 2291 1377 2312 ¹

209 2408 395 2483 iudicemus,
411 2413 459 2469 'ex
480 2425 542 2488 quo
565 2409 763 2487 potissimum
785 2407 935 2476 hauserit.
958 2410 1048 2480 ,Sed
1066 2409 1307 2492 apudPorrpo-

210 2525 299 2583 ninom
319 2520 441 2597 Melam
462 2520 524 2584 iam
547 2521 674 2586 multum
695 2523 805 2606 ualere
824 2519 971 2603 videmus.
985 2517 1216 2602 Megasthene:
1228 2536 1311 2582 aar·
1376 2499 1377 2508 ἵ

210 2631 359 2713 rationes,
383 2627 531 2709 quamvis
557 2647 668 2691 ornnes
692 2647 754 2690 non
776 2648 818 2690 ex
839 2627 909 2708 ipso
931 2628 1155 2708 Megasthene,
1186 2625 1245 2690 sed
1266 2645 1309 2686 ex
1376 2609 1377 2658 3

210 2739 280 2802 aliis
303 2737 520 2820 exscripserit.
574 2736 671 2798 Solus
699 2738 781 2798 inter
804 2753 914 2799 omues
936 2734 1098 2800 Romanos
1119 2734 1245 2826 Seneca
1269 2733 1310 2793 de
1376 2723 1377 2728 ’

208 2846 298 2907 India
311 2843 421 2905 librum
444 2842 645 2923 conscripsit,
668 2860 709 2904 ex
731 2859 794 2923 quo
816 2860 899 2905 unos
921 2843 972 2923 qui
988 2852 1135 2924 superest
1156 2842 1244 2907 locus
1265 2861 1310 2903 ex

212 2949 429 3034 Megasthene
449 2957 598 3028 sumptus
620 2957 682 3032 est,
714 2957 747 3012 et
770 2950 932 3028 eiusmodi,
963 2960 999 3012 ut
1027 2951 1146 3013 nonin
1178 2952 1311 3012 transitu

212 3060 296 3124 hunc
318 3065 452 3120 secutus
476 3054 633 3118 videatur.
659 3057 754 3129 (Plio.
777 3057 807 3119 lr.
830 3077 860 3120 n.
882 3059 1010 3120 irael.
1030 3058 1070 3122 e:
1093 3059 1223 3121 Seneca
1247 3057 1309 3121 eti-

175 3197 177 3204 r
212 3185 262 3228 am
285 3166 368 3249 apud
389 3185 449 3229 nos
472 3175 594 3230 tentata
616 3165 725 3229 lndiae
751 3170 1016 3231 commentatione
1037 3171 1209 3250 sexaginta
1239 3187 1311 3229 arn-

212 3297 273 3342 nes
296 3279 372 3342 eius'
386 3278 530 3363 prodidit,
555 3259 670 3362 gentes
694 3276 915 3360 duodeviginti
936 3274 1306 3371 centumqoe5chMe-

210 3386 313 3470 gasth.
330 3383 388 3470 ap.
411 3377 482 3449 llr'r.
504 3386 571 3457 lud.
593 3387 623 3448 5.
643 3386 675 3468 2,
697 3385 726 3448 7.
751 3386 797 3470 1.)
839 3367 1014 3470 ‘Senecam'
1029 3389 1157 3454 Plinius
1179 3386 1308 3469 excipit,

212 3493 263 3556 cui
287 3491 318 3554 iu
339 3493 433 3554 rebus
454 3495 570 3556 indicis
593 3495 776 3562 enarrandis
805 3495 1038 3578 Megasthenes
1068 3497 1216 3578 princeps
1252 3496 1312 3558 fuit

211 3608 333 3678 auctor.
376 3599 420 3661 llt
441 3617 631 3680 quamquam
653 3623 695 3666 ex
716 3605 756 3664 iis
780 3603 1006 3684 scriptoribus,
1030 3606 1086 3686 qui
1121 3617 1309 3687 sequuntur,

97 3695 99 3702 ⁴
213 3718 340 3789 praeter
360 3705 507 3770 Solinam
528 3705 634 3766 nullus
657 3708 903 3788 Megasthenem
929 3708 1052 3790 laudat,
1078 3721 1185 3772 tamen
1215 3729 1312 3793 quurn

212 3813 467 3896 compendiorum
491 3815 523 3874 et
545 3812 752 3893 epitomarunr
781 3815 955 3898 scriptores
983 3819 1137 3898 priorihus'
1168 3825 1311 3896 utantur,

212 3923 448 4004 Megasthenes
468 3923 497 3984 in
517 3921 633 3986 latinas
655 3923 774 3984 litteras
797 3923 1036 4008 Romanamque
1058 3925 1225 4010 scientiam
1247 3926 1314 3987 vim
1376 3929 1377 3936 ’

212 4029 347 4122 aliquam
370 4029 487 4092 hahere
511 4031 621 4112 pergit.
665 4027 831 4108 Quaevis
855 4031 992 4094 nondurn
1015 4021 1143 4116 interiit,
1164 4032 1218 4094 uhi
1251 4034 1312 4093 lin-

213 4155 279 4218 gua
301 4135 395 4198 latina
423 4156 465 4198 ex
495 4138 562 4199 vita
598 4147 630 4202 et
662 4137 891 4203 consuetudine
924 4143 1084 4206 communi
1117 4142 1179 4204 iarn
1209 4141 1308 4204 abiit:

215 4245 363 4329 pervadit
384 4245 519 4308 medium
542 4267 667 4329 aevunr,
691 4257 725 4310 ut
746 4251 840 4310 etiarn
855 4248 937 4328 apurl
966 4251 1168 4314 Viraoentr’ron
1189 4252 1310 4312 Belca·
1376 4279 1377 4282 ¹
