2822 4786
553 237 767 304 -ae-

110 411 443 504 meretricationis
464 419 519 486 καὶ
539 409 701 506 μεγάλους
721 409 899 510 aduneris),
923 437 1126 510 quaternos
1141 429 1212 492 sin-

106 532 185 613 gula
208 531 451 612 Megsstberrem
475 530 568 592 vides
589 536 805 610 persecutum,
828 539 862 593 et
884 531 975 594 Plinii
997 534 1025 596 si
1043 533 1210 598 addideris

106 638 193 700 hane
213 634 422 700 sententiantr
464 635 695 714 Meuaetlretees
716 641 748 696 et
766 637 944 714 Dionysius
962 671 980 690 ·
993 669 1013 684 ·
1028 641 1113 702 cirea
1134 659 1213 720 que-

106 764 173 826 pue
190 749 334 822 pendam
354 744 525 823 prodidere
545 742 604 806 Vl.
619 741 672 806 91.
684 741 731 826 3.,
755 743 796 810 de
817 744 880 808 hac
900 765 935 810 re
957 748 1062 828 ampla
1079 747 1210 812 ludicen

107 871 184 933 pars
207 851 329 932 perdita
350 851 486 916 videtur.
1039 877 1041 884 ’

192 959 347 1022 Maiorem
369 956 479 1022 Indiae
492 963 621 1037 partem
642 966 853 1039 campestrem
871 977 955 1038 esse,
976 962 1212 1046 Megasthenes

106 1063 223 1127 deinde
244 1064 342 1126 refert
365 1065 453 1137 (Arr.
475 1082 548 1144 exp,
571 1064 665 1126 Alex.
688 1065 730 1128 V.
746 1065 777 1130 6.
791 1065 849 1146 5.),
872 1085 935 1130 non
960 1076 1049 1134 recte
1070 1070 1211 1152 quidem,

106 1176 170 1240 sed
192 1183 343 1256 quantum
365 1173 436 1255 ipse
464 1171 545 1236 vidit
571 1170 724 1236 iudicans.
774 1173 877 1237 Binos
903 1195 961 1257 per
990 1195 1107 1242 annum
1137 1195 1213 1242 esse

106 1293 255 1349 aestates
276 1298 467 1365 messesque
488 1281 595 1346 hinasr
624 1282 775 1346 hibernae
802 1285 956 1348 sementis
983 1287 1106 1350 fructus
1135 1305 1212 1350 esse

106 1394 217 1459 varias
237 1392 384 1455 frumenti
405 1394 535 1472 speeies
556 1396 706 1472 (querum
723 1391 764 1457 uh
779 1391 993 1456 Eratosthene
1007 1393 1213 1460 dinumeran-
1299 1387 1307 1410 ¹

105 1514 161 1568 tur
180 1496 292 1586 πυροὶ,
314 1495 449 1585 κριθαὶ,
478 1487 603 1583 ὄσπρια
624 1493 679 1560 καὶ
699 1487 794 1562 ἄλλοι
813 1494 935 1584 καρποὶ
963 1488 1138 1583 ἐδώδιμοι,
1168 1489 1213 1568 ὧν

104 1600 207 1694 ἡμεῖς
230 1597 392 1694 ἄπειροι),
415 1626 537 1672 vernae
557 1609 692 1672 sationis
714 1627 863 1692 oryzam,
887 1610 1088 1694 boemerum,
1114 1627 1212 1675 sesa·

103 1737 208 1799 mum,
229 1716 346 1780 milium
369 1719 397 1799 (,
419 1715 542 1788 linum).
565 1713 657 1779 Diod.
679 1717 718 1778 ll.
739 1713 802 1798 36,
827 1716 935 1782 Strah.
955 1714 1031 1779 693.
1061 1715 1103 1780 cf.
1126 1719 1213 1782 hira-

106 1825 208 1892 tostb.
230 1845 281 1906 ep.
299 1823 404 1887 Strab.
412 1821 487 1884 690.
529 1819 693 1886 Diodorus
715 1840 766 1908 ea,
788 1841 872 1906 quae
894 1823 935 1888 de
956 1825 1073 1908 plantis
1094 1825 1213 1890 Indicis

107 1938 204 2018 dixit,
227 1934 356 2001 brevius
379 1953 421 1996 ex
442 1933 494 1996 ille
516 1939 548 1995 et
569 1933 615 1995 ita
633 1933 821 2015 exscripsit,
844 1931 888 1996 'ut
908 1952 927 1996 a
949 1937 1087 2016 singulis
1109 1935 1214 2000 ebeti-

108 2054 223 2122 neret,
254 2042 307 2106 elii
336 2041 508 2120 scriptores
538 2040 763 2124 Megasthenis
791 2045 882 2108 locos
918 2043 1056 2109 afferunt
1089 2043 1131 2108 de
1162 2045 1212 2111 his

107 2156 226 2238 plantis
250 2151 494 2232 arboribusque:

195 2259 235 2323 de
259 2260 372 2340 ebeno,
396 2256 504 2322 Sirob.
524 2255 597 2322 703.

195 2368 236 2432 de
258 2368 375 2450 palme,
398 2368 488 2430 cuius
513 2384 628 2428 nornen
649 2365 839 2431 sanseritun
855 2365 923 2428 rate
938 2351 1051 2442 (τάλα)
1067 2383 1212 2434 comme.-

261 2483 392 2556 morat,
415 2473 484 2534 Arr.
503 2469 575 2533 lud.
596 2471 625 2536 7.
647 2470 677 2534 3.

194 2586 236 2650 de
256 2584 378 2666 ingenti
400 2580 551 2644 arundine
572 2578 690 2642 Indica.
713 2578 821 2642 Strah.
842 2578 1019 2643 710-711.

196 2703 228 2757 et
249 2711 332 2776 quse
352 2691 488 2774 Dionysi
516 2687 729 2772 expeditionis
756 2706 833 2750 esse
859 2687 1050 2752 documenta
1079 2697 1111 2752 et
1133 2689 1211 2752 rell-

278 2801 369 2883 quias
393 2797 526 2862 eredidit

197 2908 236 2972 de
259 2909 328 2971 vite
349 2909 488 2990 agresti,
520 2907 560 2974 de
582 2907 720 2991 hedera,
749 2908 789 2972 de
815 2909 925 2990 lauru,
953 2906 997 2970 'de
1018 2915 1140 2990 myrto,
1172 2906 1213 2970 de

278 3015 363 3076 buxo
387 3014 493 3077 Strab.
514 3014 586 3078 711.
610 3013 811 3108 (cst-688,
834 3015 904 3080 Arr.
927 3014 995 3078 lnd.
1015 3014 1043 3076 ὅ.
1067 3016 1128 3094 9.),

198 3118 239 3182 de
261 3117 423 3182 arboribus
445 3118 583 3180 morinis.
626 3116 778 3200 Antigen.
808 3118 937 3202 Caryst.
963 3116 1030 3184 147.
1060 3118 1156 3197 (Plin.
1180 3119 1212 3183 h.

281 3245 310 3286 n.
334 3225 392 3287 Vl.
412 3226 462 3288 94.
483 3225 531 3300 6.)
552 3224 594 3290 ci.
617 3227 848 3315 Fue-heue-ki
869 3249 898 3310 p.
922 3227 975 3292 90.

198 3333 251 3396 Ex
273 3332 386 3394 bestiis
408 3333 528 3395 Indicis
549 3332 720 3416 descripsit
1093 3377 1103 3424 ,
1155 3327 1158 3330 ’

199 3445 312 3526 tigrem
342 3443 550 3526 Bengalioum
580 3443 704 3517 (strab.
733 3439 841 3525 703),
869 3459 964 3526 quem
993 3442 1074 3507 inter
1104 3462 1216 3508 omnes

283 3548 432 3615 Graecos
464 3553 584 3634 primus
613 3550 708 3632 vidit3
744 3551 860 3616 deinde
892 3552 922 3614 in
956 3551 1092 3636 quadam
1124 3561 1215 3635 parte

280 3648 464 3736 accuratius
487 3662 663 3726 Aristotele
684 3661 738 3724 vel
760 3661 919 3726 hodiernis
941 3661 1089 3742 zeoiegis

200 3767 424 3850 elephantum,
445 3771 535 3830 euius
558 3777 710 3832 venatum
723 3769 893 3849 copiosius
916 3766 1083 3847 exposuit,
1106 3765 1214 3832 strab.

279 3884 472 3965 rur-705,
497 3885 566 3945 Arr.
588 3883 655 3947 166.
681 3883 728 3947 13.
753 3883 811 3956 ll,
836 3880 928 3943 Diod.
951 3883 991 3941 11.
1012 3879 1063 3945 42.

200 3993 309 4056 varias
330 3993 490 4055 simiarum
518 3993 666 4075 speeies,
694 3991 802 4056 Strab.
823 3985 896 4054 703.
918 3986 1008 4070 710,
1040 3987 1162 4054 helian.
1186 3989 1214 4052 h.

174 4150 185 4172 ,
282 4118 310 4162 a.
332 4099 438 4162 xvrr.
459 4089 509 4164 39.

198 4224 297 4270 canes
319 4205 455 4283 Indicos,
478 4209 582 4270 Strah.
604 4207 678 4270 703.
