2778 4802
543 355 750 418 ..73-

97 537 262 603 Solimano
288 547 416 619 praeter
442 541 506 604 alia
539 538 623 606 dona
654 559 675 604 a
701 539 887 623 'l'hanespo
914 541 1085 606 Persarum
1109 563 1199 628 rega

95 646 228 711 missam
250 663 326 710 esse
347 646 702 730 ,tornmamtndimm
724 645 894 714 mediocris
916 653 1010 714 onnia
1029 655 1197 734 magnian-

95 752 181 833 dine,
203 751 383 819 nonanes
405 753 575 821 mooun
597 763 631 818 et
651 751 822 821 saevam.“
845 793 848 801 ι

184 861 286 924 Cuius
307 861 497 927 narrationis
517 862 633 926 multas
654 864 816 946 anaeque
835 861 1082 943 explicationes,
1114 881 1196 946 qnos

95 977 193 1032 antea
221 970 302 1032 VV.
326 970 397 1035 llll·
423 979 671 1060 proposuerant,
700 991 798 1054 quum
827 973 888 1034 iam
920 971 1087 1035 obsoletae
1117 971 1196 1052 sint,

93 1082 126 1146 h.
149 1081 170 1142 l.
193 1080 267 1144 linet
289 1082 443 1146 anione.
486 1082 635 1148 entant
651 1082 1098 1164 primusMoorornftr'uath.
1115 1081 1194 1144 Res.

94 1190 170 1254 xit.
191 1187 283 1268 teo.)
305 1190 439 1267 invenit,
460 1190 512 1272 qni
535 1190 623 1253 eirea
646 1189 715 1254 lntli
735 1190 843 1252 fontes
863 1191 966 1252 solum
989 1191 1197 1252 invenitau·

38 1379 40 1384 Ι
92 1281 225 1357 rifernm
248 1302 280 1356 et
300 1294 436 1358 bestiam
457 1295 487 1357 in
509 1296 657 1358 oavemis
671 1305 777 1361 terrae
788 1295 963 1374 viventem,
986 1297 1038 1360 oni
1051 1306 1195 1361 veterum

94 1402 266 1483 descriptio
288 1391 500 1465 emoveniehat
511 1445 521 1483 ,
547 1402 593 1466 ita
612 1401 755 1483 soilioet,
777 1413 812 1466 nt
833 1402 974 1474 formieis
996 1405 1125 1466 minime
1146 1404 1197 1466 ri-

95 1509 182 1577 milis
201 1526 278 1573 esse
300 1517 422 1588 posset.
471 1507 576 1588 Quam
600 1509 734 1572 mollem
756 1526 830 1574 esse
852 1520 948 1592 atque
968 1512 1061 1574 istam
1083 1513 1218 1577 torni.
1302 1591 1304 1596 Ι

95 1637 167 1682 nam
179 1620 219 1684 ah
233 1618 410 1701 Herodoto,
430 1620 592 1700 Nearohn,
611 1620 828 1703 Megasthene
839 1619 972 1702 aliisque
986 1627 1194 1688 memoratam

94 1729 215 1810 primus
236 1729 400 1809 perspexit
419 1731 563 1792 Ritteroa
584 1729 685 1791 Asien
708 1731 739 1790 ΙΙ
759 1727 844 1811 659.,
868 1727 1085 1804 0t508.‚593.
1107 1725 1199 1790 Con-

93 1839 187 1898 venit
208 1835 302 1898 etiam
323 1835 430 1898 locust
454 1835 484 1896 in
507 1834 557 1898 illa
580 1837 661 1897 enim
677 1840 811 1918 regione
826 1839 981 1899 Horatiae
1000 1837 1193 1899 habitabant.

93 1945 213 2026 Neque
235 1951 342 2006 tamen
364 1940 448 2025 apud
469 1945 573 2024 ipsum
594 1941 771 2025 Ritterum,
805 1943 879 2006 dum
911 1947 943 2006 in
966 1945 1091 2007 nomine
1111 1945 1197 2008 male·

95 2039 260 2115 intellecto
291 2059 346 2114 aut
373 2069 551 2134 converso,
579 2061 635 2114 ant
662 2053 693 2114 in
722 2055 824 2115 altero
853 2070 925 2116 oum
948 2053 1051 2116 altero
1074 2031 1195 2114 motato

96 2159 309 2222 narrationem
332 2159 484 2251 originem
507 2157 627 2222 habere
647 2168 749 2243 putat,
772 2169 936 2222 auctorum
958 2161 1099 2221 varietas
1113 2162 1196 2220 satis

94 2267 211 2352 valuit.
257 2263 308 2328 Ex
337 2285 399 2348 quo
428 2275 571 2348 tempore
599 2269 695 2330 etiam
724 2261 832 2330 nltima
861 2267 1067 2331 dubitationis
1095 2285 1196 2330 eausa

74 2361 224 2442 'sublata
253 2363 326 2442 estz'
352 2381 442 2441 Vilso
472 2381 553 2442 enim
583 2381 703 2442 invenit
725 2379 853 2458 (Arion.
877 2387 939 2442 ant.
966 2375 1053 2456 135.)
1062 2420 1073 2459 ,
1102 2395 1196 2440 men·-

94 2488 214 2554 tionem
240 2489 307 2552 fleri
336 2490 431 2551 etiam
454 2489 486 2552 in
506 2487 625 2550 Indicis
645 2489 759 2551 litteris
780 2489 953 2560 bestiarum
978 2505 1087 2549 aurum
1111 2481 1197 2547 effo-

94 2595 257 2674 dientium,
281 2615 363 2678 quas
386 2614 482 2678 quum
501 2604 618 2658 terram
641 2595 808 2678 effodiant,
839 2595 951 2658 eodem
975 2585 1101 2654 nomine
1122 2584 1200 2673 (pt-
1280 2599 1282 2606 '

90 2701 320 2790 pilioojatque
340 2705 490 2768 formicas
510 2703 582 2766 indi
603 2713 796 2784 nuncupant.
819 2701 872 2766 ct.
884 2689 1074 2794 Mrhtnffn.
1088 2696 1198 2761 iseo:

93 2813 256 2892 pipilioom
283 2799 485 2892 q'citarripnm
518 2799 688 2874 udd‘rr'tam
714 2800 882 2890 piptttcotio'
905 2813 925 2872 i.
948 2806 981 2875 ej
993 2799 1200 2889 formicinum

95 2946 213 3014 auram
234 2903 362 2987 erutum*
382 2946 402 2986 a
419 2921 576 3005 sor'mr'ois.
619 2927 732 3004 itaquo
754 2924 849 2985 etiem
866 2918 906 2983 de
927 2921 988 2984 hae
1008 2940 1043 2982 re
1065 2919 1199 2999 rectius,

96 3012 191 3114 qnam
216 3031 267 3114 qui
291 3053 362 3093 eum
382 3033 577 3112 vituperant,
600 3033 836 3112 Megasthenes
859 3029 1021 3092 indicavit.

116 3115 139 3144 ⁸
178 3139 426 3202 Eratosthenem
448 3137 562 3220 igitur,
586 3138 776 3202 Strabonem
800 3147 987 3216 ceterosque
1011 3154 1115 3216 neque
1139 3155 1198 3198 ao-

94 3255 205 3312 onrato
218 3264 330 3329 neque
352 3246 393 3308 ab
415 3245 499 3308 omni
528 3254 617 3327 parte
638 3245 862 3326 Megasthenis
882 3243 974 3304 iidem
998 3242 1197 3323 ponderasse

96 3353 259 3418 videmus.
279 3379 282 3384 ·
305 3354 392 3418 Nam
414 3353 564 3437 quamvis
590 3351 622 3417 in
644 3353 827 3414 universnm
851 3371 929 3414 vera
951 3361 983 3414 et
1003 3352 1087 3414 falsa
1108 3361 1198 3415 reete

95 3459 351 3543 diiudicaverint,
374 3470 407 3524 et
428 3461 504 3524 fleta
527 3477 602 3522 osee
618 3468 772 3541 monstra,
794 3459 835 3520 de
858 3457 974 3541 quibus
997 3468 1105 3522 narrat
1121 3461 1196 3523 Me-

93 3569 293 3653 gasthenes,
320 3579 408 3646 reete
434 3569 665 3649 intellexerint,
700 3576 806 3630 mmen
840 3566 979 3644 helionis
1007 3587 1138 3633 eausam
1167 3576 1200 3630 ot

94 3678 252 3772 originem
265 3655 473 3760 'investigere
494 3697 559 3740 non
579 3674 777 3738 studuerunt
819 3673 894 3736 Etsi
917 3675 1076 3739 dehebant
1096 3674 1194 3738 intol-

94 3819 296 3842 ——n—q-—a-
398 3833 401 3840 .

151 3871 250 3948 ‘nient
267 3899 295 3948 et
312 3897 499 3963 aliquantium
516 3897 641 3950 evehunt
664 3911 803 3956 arenam
830 3895 932 3946 deinde
956 3906 1044 3944 cursu
1063 3894 1153 3944 ceteri
1169 3908 1200 3946 oe

164 3989 313 4053 recipiant
328 3991 405 4039 metu
421 3987 634 4054 formicarum,
653 4001 688 4038 ne
705 3987 852 4036 insecutae
870 3985 1064 4040 oedeoorerrt.
1107 3984 1194 4052 Quam

165 4081 294 4130 tabellam
310 4095 344 4130 ex
359 4079 472 4134 Graecis
491 4078 599 4142 petitam
617 4093 687 4143 esse,
706 4081 778 4128 reete
795 4076 1199 4129 ohservavttaitnemer'rteros

187 4211 193 4224 .
215 4175 278 4226 120.

96 4263 152 4333 σθ)
168 4191 349 4333 ΡΒιιεΙιεᾳηίιιε
365 4267 513 4332 legationis
530 4269 664 4318 Turcioae
682 4265 760 4327 epist.
777 4267 825 4316 iv.
843 4280 868 4328 p.
890 4266 963 4330 144,
984 4259 1060 4329 quim
1079 4264 1201 4328 seqnitur

168 4357 305 4410 thuores
322 4359 417 4408 xxiv.
433 4359 463 4406 ,7.
482 4371 506 4420 p.
523 4358 587 4410 808.
607 4359 640 4407 ad
658 4359 756 4408 annum
778 4357 859 4411 taos.
