2822 4786
641 223 845 296 ...μμ

205 408 321 495 Ἰνδοῖς
339 409 404 482 διεδ
423 415 487 482 τῶν
507 404 716 504 Βραχμάνων,
737 407 778 478 τά
798 412 836 480 δέ
856 410 888 479 ἐν
909 412 949 500 τῇ
963 408 1065 498 Συρίᾳ
1079 401 1144 475 ἀπὸ
1156 405 1220 475 τῶν
1237 433 1307 474 κα-

207 523 370 607 λουμένων
388 515 565 590 Ἰουδαίων.

300 637 428 722 loseph.
450 647 561 702 contre
583 639 697 720 Apion.
723 640 745 699 l.
769 636 821 698 20.
850 643 882 697 et
904 635 1000 716 antiq.
1023 631 1092 694 lud.
1113 634 1155 694 Χ.
1182 633 1231 696 ll.
1257 632 1306 694 l.:

206 745 383 830 Συμφωνεῖ
397 739 452 807 καί
466 740 686 829 Μεγασθένης
706 739 740 806 ἐν
759 739 805 828 τῇ
824 727 996 826 τετάρνῃ
1017 735 1092 802 τῶν
1110 727 1305 814 Ἰνδικῶν,

207 840 251 913 δι’
275 838 315 935 ἧς
339 840 536 936 ἀποφαίνειν
555 847 710 936 πειρῶται
733 838 790 912 τδν
815 842 1050 934 προειρημένον
1070 840 1210 927 βασιλέα
1237 841 1306 908 τῶν

208 956 426 1042 Βαβυλωνίαν
451 965 490 1036 (ἰ.
515 981 544 1024 e.
573 945 912 1043 Ναβουχοδονόσορον)
938 945 1139 1040 Ἡρακλέους
1165 945 1305 1038 ἀνδρείᾳ

208 1065 263 1133 καί
295 1064 434 1155 μεγέθει
467 1055 620 1153 πράξεων
648 1062 873 1154 διενηνοχέναι·
909 1057 1212 1148 καταστρέψασθαι
1240 1047 1304 1143 χάρ

209 1162 307 1240 αὐτόν
325 1193 408 1262 φησι
428 1173 484 1239 καλ
502 1167 657 1264 Ἰβηρίαν.

294 1285 345 1348 Cf.
367 1283 409 1347 G.
432 1287 574 1368 Syncell.
597 1287 635 1348 Τ.
657 1287 681 1348 l.
703 1305 732 1366 p.
754 1284 824 1345 419.
846 1283 945 1344 ern.
1000 1267 1063 1342 Τδν
1085 1271 1301 1356 Ναβουχοδο-

289 1379 388 1476 νόσορ
415 1382 676 1478 δΜεχασδένης
704 1387 738 1454 ἐν
765 1386 814 1475 τῇ
842 1377 870 1450 δ’
897 1384 973 1450 τῶν
993 1376 1174 1449 Ἰνδικῶν
1194 1371 1303 1466 Ἦρα·

291 1493 406 1572 κλέους
425 1488 645 1584 ἀλκιμώτερον
665 1489 846 1584 ἀποφαίνει
867 1507 928 1560 ete.

292 1606 478 1690 Reliquiae,
505 1627 600 1690 quum
631 1607 671 1668 ab
692 1607 761 1668 aliis
782 1603 988 1685 scriptoribus
1010 1602 1072 1663 alio
1094 1599 1204 1662 ordine
1225 1615 1304 1660 eon·

211 1713 398 1798 iungantur,
431 1733 492 1776 non
524 1718 595 1778 sine
626 1713 813 1777 difficultate
836 1711 971 1794 quadam
993 1719 1067 1793 apte
1089 1710 1304 1791 disponuntur.

211 1821 244 1884 ls
266 1823 355 1884 loeus
365 1868 377 1906 ,
406 1843 499 1907 quem
520 1843 562 1886 ex
586 1824 753 1888 Athenaeo
774 1822 953 1898 attulimus,
985 1819 1157 1881 convenire
1179 1817 1307 1880 videtur

212 1928 291 1991 huic
308 1931 475 1994 Strabonis
497 1932 585 1998 locu:
618 1919 715 1994 Τάλλ
737 1918 806 1992 οὐδ’
827 1919 866 1991 ἀν
886 1947 936 2001 τις
954 1917 1163 2004 ἀποδέξαιτο·
1184 1913 1223 1987 τδ
1241 1913 1306 2006 μό-

211 2051 285 2108 νους
306 2031 501 2101 διαιτᾶσθαι
520 2028 574 2100 ἀεὶ
594 2034 650 2100 καὶ
668 2025 707 2100 τδ
730 2025 868 2124 μημίαν
883 2024 968 2097 εἶναι
985 2029 1085 2096 πῶσιν
1099 2023 1187 2118 ῶραν
1201 2022 1307 2116 κοινήν

213 2136 349 2206 δείπνου
368 2165 406 2208 τε
427 2142 483 2210 καὶ
501 2137 650 2233 ἀρίστου,
671 2135 740 2208 ἀλλ’
763 2135 853 2218 ὅπως
874 2131 999 2224 έκάστῳ
1022 2136 1118 2228 φίλον
1137 2146 1183 2222 (ρ.
1206 2142 1307 2213 709.).

213 2251 324 2333 ltaque
351 2273 471 2316 morum
501 2256 678 2316 Indicorum
709 2253 971 2336 descriptionem,
1011 2251 1062 2312 eui
1087 2251 1225 2311 insertus
1255 2258 1309 2311 cst

214 2359 305 2434 locus
326 2360 489 2438 laudatum
512 2361 552 2423 ad
574 2362 707 2424 alterum
728 2361 951 2444 Megasthenis
973 2360 1083 2422 librum
1104 2356 1305 2420 referendam

214 2483 290 2528 esse
303 2467 446 2532 arbitror.
489 2469 574 2531 Libri
591 2472 673 2533 tertii
692 2471 796 2554 loeus,
819 2491 911 2555 quem
926 2470 1077 2534 Clemens
1090 2469 1182 2530 Alex.
1196 2466 1308 2550 affert,

214 2573 245 2636 ei
265 2575 488 2670 Megastlrenis
511 2582 681 2642 narrationi
705 2581 888 2663 respondet,
911 2599 993 2660 quae
1013 2578 1097 2660 apud
1117 2575 1307 2642 strebula.

216 2692 341 2750 exstat:
390 2673 438 2746 Τά
459 2681 496 2748 δὲ
518 2681 597 2772 περί
617 2673 714 2772 φύσιν
734 2675 776 2748 τοί
795 2682 854 2766 μέν
876 2675 1032 2770 εὐήθειαν
1053 2679 1222 2770 ἐμφαίνειν
1243 2703 1308 2768 φη-

213 2783 274 2856 σίν·
288 2823 333 2841 --
354 2789 434 2878 περὶ
453 2789 582 2856 πολλῶν
602 2792 638 2856 δὲ
658 2796 730 2867 τοῖς
744 2783 891 2879 Ἕλλησιν
912 2785 1094 2874 ὁμοδοξεῖν.
1137 2793 1199 2873 Qui
1213 2795 1307 2856 locus

217 2908 358 2990 etipse,
380 2921 413 2972 et
435 2919 519 2990 tota,
542 2929 604 2991 qua
625 2913 815 2992 continetur,
836 2912 947 2974 relatio
968 2913 1043 2988 (711
1056 2911 1194 2993 mart,
1216 2907 1309 2988 718.)

216 3014 258 3078 ed
279 3017 414 3080 tribuum
446 3017 689 3101 descriptionem
710 3023 755 3102 (p.
778 3019 968 3084 tue-707.
989 3025 1074 3101 seq.)
1100 3020 1255 3102 pertinet,
1276 3017 1310 3080 id
1397 2999 1398 3030 ³

217 3123 302 3206 qnod
323 3135 456 3208 apparet
477 3147 520 3191 ex
541 3128 592 3192 his
614 3131 724 3193 verbis
748 3130 787 3192 ab
811 3130 897 3194 initio
919 3130 1046 3210 positis:
1081 3123 1161 3212 περὶ
1189 3121 1227 3188 δέ
1246 3120 1310 3186 τῶν

215 3219 407 3316 φιλοσόφων
432 3230 532 3318 λέχιον
553 3277 568 3288 -
590 3279 605 3287 -
626 3232 726 3324 φησίν
746 3250 807 3302 ete.
857 3239 1048 3300 Accuratius
1079 3235 1213 3316 denique
1242 3233 1309 3296 libri

213 3341 315 3420 quarti
341 3343 432 3406 loeus
466 3364 486 3408 a
519 3345 658 3428 losepho
689 3355 722 3408 et
750 3345 903 3426 Syneello
936 3349 1128 3404 memoratus
1157 3343 1311 3406 convenit

213 3449 342 3530 maiori,
364 3455 418 3532 qui
439 3451 523 3534 apud
544 3453 735 3516 Strabonem
762 3453 833 3515 686.
855 3451 989 3533 legitur:
1019 3436 1311 3534 Ναοοκοδρόσορον

213 3552 252 3622 δὲ
261 3545 317 3621 τδν
330 3550 423 3646 παρά
433 3557 620 3637 Χαλδαίοις
634 3548 890 3646 εὐδοκιμήσαντα
900 3548 1099 3645 Ἡρακλέους
1112 3553 1246 3638 μᾶλλον,
1254 3553 1311 3620 καλ

217 3659 281 3742 ἕως
299 3665 431 3755 Στηλῶν
451 3657 582 3756 ἐλάσαιξ,
610 3690 745 3754 quocum
767 3671 848 3734 alius
870 3672 1040 3756 cohaeret,
1063 3673 1115 3758 qui
1136 3670 1220 3754 apud
1242 3672 1310 3732 Ar·

217 3779 340 3842 rianum
360 3776 429 3844 lod.
450 3779 564 3844 7-10.
586 3791 704 3846 exstat.
747 3781 841 3861 Quod
854 3801 950 3866 quum
966 3787 1012 3848 ita
1029 3784 1081 3866 sit,
1103 3783 1182 3846 libro
1197 3790 1309 3864 quarto

219 3877 258 3944 de
281 3887 423 3973 historia,
446 3888 514 3953 deis
536 3891 700 3972 sacrisque
720 3892 869 3956 Indorum
893 3894 1014 3960 dixisse
1035 3893 1171 3957 videtur.
1213 3889 1311 3952 Liber

219 3997 351 4078 primus,
373 4017 529 4082 nusquam
550 4008 656 4064 tamon
674 4011 880 4084 memoratus,
903 4011 1024 4083 partem
1042 3999 1236 4064 continuisse
1256 3997 1311 4059 vi-

218 4101 309 4170 aletur
340 4125 433 4189 eam,
464 4129 547 4192 quae
575 4111 615 4173 ad
645 4111 870 4196 geographiam
902 4119 940 4180 et,
965 4109 1207 4192 typographiam
1230 4123 1309 4186 spe-

217 4221 299 4280 ctat:
331 4217 624 4296 quaeeoniecrure
652 4238 708 4299 par
735 4235 811 4280 sese
844 4215 1015 4296 probabilis
1046 4215 1133 4278 initio
1156 4213 1312 4294 epitomes
