2822 4786
674 356 878 420 ηε..

231 563 286 608 rus
310 542 592 609 nccxxxunr.
617 553 767 606 accurate
789 559 860 605 eam
882 539 940 604 Vl.
963 539 1035 602 mill.
1058 538 1139 606 stad.
1157 542 1328 608 consentit.

231 649 368 735 Deinde,
390 670 486 734 quum
510 654 607 712 etiarn
629 649 861 732 Megasthenes
882 665 941 710 sex
966 647 1060 726 millis
1085 649 1260 712 stadiorum
1284 651 1327 713 de

228 759 292 823 hoc
312 759 416 840 spatia
437 755 598 819 tradiderit
622 758 742 834 (Strub.
771 756 875 836 689.),
910 755 966 818 vix
1001 755 1129 819 dubium
1152 764 1214 840 est,
1247 763 1324 841 quin

226 869 347 932 Plinius
369 887 411 930 ex
432 866 649 949 Megasthene
668 883 816 926 numeros
847 863 1068 945 exscripserit,
1098 874 1130 927 et
1151 865 1325 929 Seleucum

228 977 259 1037 in
281 983 386 1037 terres
408 971 608 1055 Gangeticas
629 973 805 1053 proiectum
835 989 923 1055 esse,
954 991 1153 1055 nequaquem
1182 975 1325 1037 voluerit

229 1082 600 1162 contenderelnsuper,
622 1100 663 1141 ne
685 1079 759 1160 quid
781 1079 862 1142 desit
882 1079 958 1142 huic
979 1089 1177 1164 argumento,
1201 1082 1324 1147 Plinius

227 1190 297 1272 ipse
317 1191 413 1272 paulo
434 1197 530 1251 antee
551 1187 662 1251 eodem
685 1187 788 1268 eapite
816 1187 892 1259 (Vl.
914 1188 963 1250 tl.
991 1187 1039 1261 3.)
1070 1188 1151 1250 dixit
1183 1188 1323 1252 haecce:

226 1302 358 1362 Etenim
376 1302 539 1380 patefacto
559 1305 610 1360 eet
629 1291 767 1381 (laelio)
788 1315 853 1358 noa
873 1299 962 1359 modo
989 1297 1176 1359 Alexandri
1205 1298 1327 1377 Maeni

226 1411 336 1490 armis,
357 1426 530 1487 cepamque
557 1411 614 1488 qui
638 1415 671 1468 et
693 1427 890 1488 successere,
919 1410 1134 1472 circumvectis
1161 1411 1253 1468 etiam
1283 1412 1320 1468 iu

226 1514 427 1594 Hyrcanium
449 1533 538 1575 more
566 1514 599 1575 el
625 1513 777 1592 Caspium
805 1514 940 1576 Seleuco
969 1521 1001 1574 et
1026 1513 1200 1586 Antiocho:
1222 1535 1323 1594 prae·
1361 1505 1366 1516 ’

220 1629 370 1710 sectoque
388 1623 503 1686 classis
524 1644 632 1686 eorum
653 1624 821 1686 Patrocle:
840 1645 949 1686 oeram
977 1631 1009 1685 et
1036 1625 1109 1686 aliis
1137 1627 1323 1688 auctoribus
1365 1697 1368 1706 .

225 1732 375 1816 Graecis,
398 1735 455 1814 qai
475 1752 547 1794 cum
569 1733 696 1810 repidus
712 1732 833 1793 Indicis
845 1735 961 1793 morati
975 1725 1323 1814 (sicutMepastlteues

225 1852 259 1908 et
276 1847 455 1924 Dionysius
474 1863 495 1904 a
515 1842 727 1922 Philadelpho
748 1846 867 1904 missus
888 1861 932 1904 eze
944 1861 983 1904 ea
1004 1838 1219 1925 causaJoires
1238 1863 1324 1923 quo·
1405 1867 1406 1874 ¹

224 1971 286 2034 pue
303 1956 445 2030 pendam
463 1951 640 2030 praetulere.
667 1949 852 2032 Sententia,
880 1968 974 2031 quarn
995 1949 1025 2010 h.
1048 1949 1067 2011 l.
1089 1949 1227 2031 protulit,
1252 1955 1321 2011 cir·-
1403 2029 1404 2032 Ἴ

224 2065 393 2126 cumoectie
421 2065 513 2122 etiam
540 2063 576 2120 ia
603 2059 805 2139 Hyrcanium
831 2080 918 2121 more
951 2066 983 2121 et
1010 2059 1161 2138 Caspium
1186 2059 1320 2122 Seleuco

223 2180 257 2234 et
274 2171 434 2234 Antiocho
455 2177 487 2230 et
509 2169 659 2230 Patrocle
684 2168 759 2229 nihil
785 2165 868 2229 aliud
895 2185 972 2229 esse
998 2175 1117 2252 potest,
1145 2167 1206 2230 nisi
1237 2186 1319 2230 con·

222 2271 358 2335 firmatio
395 2279 427 2333 et
454 2271 638 2350 explicatio,
669 2271 825 2353 quomodo
856 2274 952 2335 India
985 2278 1083 2334 ermis
1111 2293 1233 2353 repam,
1264 2275 1321 2355 pai

222 2380 413 2443 Alexandro
433 2401 629 2457 successere,
652 2385 818 2462 patefacta
837 2386 881 2443 sit
901 2390 934 2446 et
955 2400 1051 2463 quum
1073 2381 1114 2444 ad
1136 2381 1215 2445 hanc
1236 2399 1316 2442 sen-

221 2488 353 2551 tentiam
376 2485 560 2550 firmandam
581 2487 695 2551 efferet
716 2489 1034 2564 circumvectionem‚
1065 2507 1127 2552 non
1147 2488 1261 2550 bellurn
1282 2491 1316 2552 ln

220 2599 331 2686 intime
359 2596 450 2660 India
477 2604 619 2682 gestum,
645 2598 845 2661 manifestum
873 2606 934 2675 est,
962 2607 1071 2662 tantae
1105 2595 1316 2681 expeditionis

222 2724 295 2772 eam
317 2707 460 2789 ignarum
481 2707 591 2772 inisse.

304 2813 398 2893 Quae
420 2834 513 2897 quum
535 2817 580 2879 ita
601 2817 675 2900 sint,
701 2815 876 2898 scriptores
897 2812 1015 2880 Graeci
1027 2815 1228 2901 Romanique
1241 2836 1315 2882 om-

219 2937 290 3004 ues,
313 2921 486 2985 Seleucum
509 2926 541 2988 in
571 2921 770 3009 Gangeticas
790 2934 893 2989 terres
913 2926 1113 3010 pervenisse,
1135 2946 1197 2990 non
1218 2926 1316 2992 modo

219 3046 284 3093 nea
303 3027 450 3114 probent,
468 3030 528 3093 sed
550 3031 644 3093 etiam
667 3030 791 3094 silentio
812 3032 967 3098 refellunt.
1030 3035 1103 3099 Hoc
1125 3035 1229 3098 solum
1255 3055 1314 3098 re-

220 3148 286 3203 stat
307 3148 443 3223 certum,
465 3139 611 3203 bellicam
634 3137 868 3222 expeditionem
887 3159 963 3204 esse
978 3142 1109 3222 laetam,
1132 3143 1189 3206 sed
1209 3153 1313 3206 utrum
1403 3179 1404 3188 κ

218 3245 294 3308 leve
313 3246 428 3310 bellurn
448 3253 481 3311 in
503 3249 618 3312 finibus
641 3259 741 3313 ortum
763 3250 814 3326 sit,
842 3269 882 3312 en
904 3267 968 3331 pax
989 3253 1062 3311 sine
1082 3269 1191 3333 pugne
1212 3251 1309 3330 facta,

217 3351 409 3436 ignoramus.
452 3355 548 3416 Nunc
568 3364 681 3437 restat,
703 3363 737 3417 ut
757 3353 955 3435 disputemus
983 3353 1025 3418 de
1045 3355 1109 3418 hoo
1134 3358 1206 3418 loco
1232 3357 1312 3418 lliu-

217 3459 413 3526 drdrdxasae
440 3464 625 3528 comoediae
652 3465 792 3546 lndlaae,
828 3486 922 3551 quem
950 3469 1125 3532 Lussonius
1149 3467 1208 3542 (de
1230 3489 1313 3552 pen·

217 3575 316 3651 tepet.
339 3570 407 3633 lud.
428 3570 496 3646 61.)
518 3573 638 3636 attulit:
665 3575 733 3635 list
750 3577 873 3636 interea
892 3579 1035 3638 omnibus
1057 3575 1189 3660 Oiraitis,
1211 3581 1311 3639 Iasa-

215 3682 279 3760 m'e,
299 3665 488 3756 cambisis,
509 3681 630 3755 Persis,
643 3681 829 3743 Bactrianis
848 3687 1024 3764 celerisque
1047 3670 1312 3764 K'aadroquptae

216 3791 355 3867 strepis
375 3790 539 3866 reqionum
559 3794 782 3849 montanorum
804 3794 900 3867 copiis
931 3793 1142 3872 undecunque
1169 3797 1310 3854 circam·
1401 3809 1402 3833 l

213 3911 307 3956 sessa
325 3897 403 3957 urhe
430 3895 654 3973 Cusumapmro
674 3897 694 3959 i.
724 3918 751 3960 e.
776 3886 994 3982 Pdt'aliputra.
1038 3899 1213 3964 Comoedia
1233 3901 1311 3983 ista,

214 3998 243 4059 sl
280 3999 424 4064 Vilsonis
458 4003 676 4068 auctoritatem
712 4007 876 4089 sequaris,
911 4007 1043 4070 saeculo
1074 4007 1199 4072 decimo
1235 4017 1312 4089 post

214 4104 377 4170 Christum
397 4111 517 4193 scripte
547 4125 611 4194 est,
641 4112 752 4177 decem
782 4123 870 4177 certe
903 4117 1043 4180 saeculis
1075 4123 1152 4199 post
1181 4114 1313 4178 Seleuci

100 4243 107 4258 ·
210 4213 456 4297 expeditionem.
498 4221 622 4302 ltaque,
651 4241 748 4304 quum
776 4243 815 4285 ne
844 4224 1048 4290 historiarum
1078 4225 1205 4307 quidem
1240 4223 1311 4286 libri
1399 4217 1400 4276 ἶ

209 4321 309 4387 ludici
338 4323 475 4408 aliquam
502 4327 532 4388 in
561 4329 692 4393 historia
718 4333 942 4398 auctoritatem
969 4333 1119 4411 habeant,
1147 4329 1222 4418 quid
1248 4349 1311 4394 co·

1391 4497 1399 4739 l
