2822 4786
686 363 893 428 „30-

225 569 328 634 nsque
357 549 398 612 ad
428 522 652 630 'l'uprobaneu
667 554 856 630 extentum3
887 543 928 605 ad
957 519 1084 606 flumine
1112 541 1219 607 iudice
1248 545 1323 627 ple·

224 686 250 729 u
274 685 322 728 ue.

252 685 272 750 q
307 769 484 834 lliuminum
517 765 696 830 Indicorum
730 760 918 842 magnitudo
943 767 1066 822 mature
1101 757 1322 822 occidentales

223 887 341 962 gentes
362 849 392 940 in
415 876 653 940 admirationem
675 882 887 937 converterat.
918 872 1011 952 Quod
1033 871 1074 934 de
1097 869 1175 934 ludo
1196 871 1323 952 Scylax

225 995 258 1048 et
279 987 464 1049 Hecataeus
485 983 670 1065 retulerunt,
699 979 873 1060 nescimus,
904 978 1036 1042 Ctesias
1058 977 1141 1052 (lud.
1165 979 1209 1051 1.)
1242 979 1320 1041 lati-

222 1093 367 1157 tudinem
388 1094 418 1155 ei
432 1094 505 1156 Xlr.
526 1099 559 1155 et
580 1090 649 1157 CC.
671 1089 755 1152 stad.
775 1089 925 1152 attribuit.
947 1085 1180 1170 Magnitudiuis
1194 1087 1322 1152 inbuuc

222 1203 351 1266 modum
373 1200 540 1282 augendae
560 1199 712 1281 imprimis
733 1199 815 1261 haec
836 1195 935 1260 causa
956 1197 1061 1258 fuisse
1074 1195 1213 1280 videtur,
1235 1197 1321 1279 quod

221 1311 342 1391 Persis,
371 1311 425 1392 qui
457 1308 588 1373 Ctesiee
620 1318 710 1371 erant
743 1315 905 1381 auctores,
932 1304 1041 1368 Iudrae
1068 1303 1198 1368 llumina
1229 1314 1319 1368 tento

221 1419 342 1482 maiore
362 1418 436 1479 visa
457 1427 544 1500 sunt,
566 1428 683 1501 quanto
704 1419 825 1479 minora
847 1424 880 1478 et
900 1417 1019 1477 rariore
1051 1415 1186 1478 Persica
1215 1415 1319 1480 fuere.

222 1524 403 1589 Mirabuudi
430 1520 647 1608 Macedones,
679 1546 811 1610 quorum
845 1525 1004 1605 expeditio
1037 1524 1144 1605 pluvio
1177 1533 1321 1607 tempore

222 1642 273 1698 est
294 1635 395 1716 fecta,
417 1633 645 1696 contuebantur
666 1634 734 1696 ludi
755 1632 1003 1714 magnitudinem
1036 1641 1068 1693 ct
1099 1632 1261 1696 fluminum
1289 1635 1320 1697 iu

220 1739 332 1803 ludum
353 1737 560 1817 influentium,
584 1756 686 1819 neque
707 1737 811 1798 mirari
832 1756 1019 1819 possumne,
1034 1738 1118 1821 quod
1133 1750 1321 1822 perpetuam

227 1866 298 1909 eam
321 1863 396 1906 esso
414 1845 467 1905 vel
496 1845 763 1909 existimaverunt
783 1846 836 1906 vel
857 1846 1104 1929 simulaverunt,
1126 1855 1158 1908 et
1179 1847 1267 1929 quod
1288 1849 1320 1911 iu

222 1951 431 2016 describendo
452 1948 570 2036 Gange
600 1951 695 2015 etiam
727 1953 847 2015 maiore
879 1972 1004 2022 omnem
1033 1953 1161 2017 modum
1197 1975 1320 2020 exces-

222 2065 393 2144 seruutil).

303 2173 434 2238 Ilalsem
467 2172 647 2256 opinionem
668 2171 708 2236 de
729 2174 791 2237 hac
811 2195 847 2237 re
868 2195 909 2237 ne
928 2175 1164 2258 Megasthenes
1191 2176 1319 2260 quidem

221 2280 357 2347 Graecis
390 2282 531 2362 sustulit,
562 2301 657 2363 quum
686 2279 772 2343 idem
807 2280 848 2343 de
883 2283 991 2364 pluvio
1020 2291 1162 2365 tempore
1186 2283 1319 2349 diceret.

219 2391 332 2472 ltaque
352 2389 464 2452 Indum
485 2389 591 2450 retulit
612 2388 764 2453 maiorem
777 2409 852 2454 esse
865 2391 940 2454 Nilo
955 2402 988 2455 et
1000 2393 1143 2454 Danubio
1161 2401 1192 2453 et
1210 2395 1318 2454 omni·

221 2499 284 2562 bus
316 2499 416 2561 Asiae
444 2497 643 2580 fluminibus,
680 2517 763 2584 quae
790 2498 821 2562 in
848 2519 936 2562 mare
963 2500 1225 2563 mediterraneum
1261 2503 1319 2564 in·
1374 2567 1379 2591 Ι

218 2606 363 2689 fluerent,
386 2606 457 2669 solo
477 2603 595 2690 Gange
615 2607 825 2684 minoremw).
883 2607 982 2670 Certa
1009 2617 1115 2670 autem
1142 2607 1319 2674 latitudinis

221 2733 372 2778 mensure
393 2734 457 2776 non
477 2713 539 2776 iam
561 2723 679 2776 exstat.
733 2715 890 2796 Flumina,
913 2734 995 2797 quae
1017 2717 1047 2777 in
1070 2717 1179 2780 ludum
1201 2719 1319 2781 influe-

218 2830 299 2904 rent,
336 2820 515 2903 quindecim
547 2819 745 2883 enumeravit
779 2821 866 2895 (Arr.
888 2840 960 2903 exp.
983 2823 1077 2886 Alex.
1108 2825 1148 2889 V.
1175 2825 1206 2888 6.
1236 2828 1316 2910 lb),

219 2947 301 3014 quae
320 2927 447 2992 uomina
467 2926 553 3008 opud
575 2926 742 2991 Arrianum
772 2927 855 3002 [lud.
876 2928 905 2990 4.
925 2929 1068 3008 8—12.)
1088 2934 1224 3016 legimus
1246 2955 1319 3000 om-

216 3057 285 3102 nra:

218 3301 724 3371 2⁷)nrrori1renagnumnaunrsse
742 3315 867 3358 eventum
885 3305 999 3357 videtur.
1033 3308 1218 3359 Alexandrum
1237 3309 1321 3374 enim,
1391 3271 1392 3298 ξ

284 3409 366 3460 quum
383 3399 503 3460 acupile
521 3401 551 3448 ut
568 3400 668 3449 rediret
685 3402 798 3450 coactus
816 3401 897 3463 esset,
923 3405 1000 3448 nemo
1024 3397 1144 3462 ignoret,
1167 3400 1318 3452 exereitum

284 3500 342 3539 non
357 3488 386 3538 in
403 3490 523 3540 Persium
541 3492 661 3556 duxisse,
677 3493 726 3542 sed
741 3493 844 3540 mutato
863 3491 966 3539 tanturn
983 3488 1078 3540 itinere
1095 3502 1144 3551 per
1160 3489 1321 3544 immensum

284 3580 402 3643 spetlum
419 3581 553 3631 meridiem
570 3596 681 3635 versus:
699 3582 769 3644 qrrod
787 3591 865 3644 quum
882 3579 977 3629 mirum
994 3580 1041 3646 sit,
1058 3581 1110 3632 iam
1128 3583 1237 3645 saepius
1251 3585 1319 3636 vv.

285 3670 354 3722 DJ).
371 3669 506 3732 dixerunt,
523 3669 658 3734 mirasque
674 3669 815 3732 opiniones
824 3670 984 3720 addiderunt
998 3685 1039 3722 ex.
1061 3685 1085 3724 c.
1099 3672 1222 3724 Flatbius
1240 3671 1319 3739 [Ge-

284 3763 405 3814 sclrlclrte
422 3764 617 3814 Macedonicus
634 3766 655 3814 1.
674 3763 738 3816 882.
761 3759 830 3827 seq.)
870 3762 983 3814 causam
1001 3765 1030 3815 in
1046 3765 1100 3817 iilo
1118 3780 1210 3818 errore
1236 3767 1317 3817 inve-

283 3859 358 3910 nisse
374 3858 438 3910 mini
455 3857 559 3912 videor.
593 3861 733 3922 immensu,
760 3871 828 3920 quae
845 3857 941 3918 pluvio
967 3862 1085 3921 tempore
1111 3861 1172 3925 fuit,
1195 3859 1315 3910 latitudo

284 3950 431 4017 dominum,
449 3963 517 4014 quae
534 3950 620 4000 maior
637 3952 702 4012 erut,
729 3961 808 4011 quam
825 3947 956 3998 ostiorum
973 3949 1028 3998 Nili
1045 3954 1074 4000 et
1090 3951 1207 4000 Danubii
1223 3955 1250 4000 et
1267 3963 1317 4002 ce-

281 4040 414 4105 terorum,
432 4055 501 4105 quae
518 4045 599 4092 antea
615 4040 750 4105 viderant,
767 4041 913 4105 numinum,
937 4041 1035 4104 effecit,
1061 4045 1091 4092 ut
1117 4044 1163 4105 qui
1185 4042 1316 4094 orientem

268 4141 382 4200 'versus
398 4131 547 4184 noluerant
563 4132 672 4196 longius
690 4133 845 4197 procedere,
863 4131 960 4182 ostium
984 4144 1068 4195 prope
1091 4135 1189 4184 abesse
1211 4133 1317 4198 opinati

284 4218 314 4270 in
331 4219 468 4270 meridiem
486 4235 541 4274 non
559 4225 637 4274 inviti
655 4225 903 4286 proficiscerentur.

220 4309 271 4377 88)
290 4313 354 4364 Are.
371 4325 431 4376 exp.
449 4312 527 4362 Alex.
544 4315 577 4364 v.
595 4317 622 4364 e.
640 4315 762 4380 10,1nd.
780 4313 808 4366 4.
827 4314 873 4366 1³.
