2822 4786
645 273 850 336 ..23-

195 490 281 537 cere.
325 466 419 550 Quod
440 463 588 548 spatium,
607 463 668 525 etsi
691 483 726 524 re
747 478 827 524 vera
847 457 951 521 media
973 453 1041 520 ludi
1067 477 1140 539 pars
1157 477 1177 520 a
1193 455 1287 522 Gau·

191 580 244 664 gis
265 577 355 640 ostiis
378 593 440 638 non
462 571 595 654 emplius
616 570 704 633 x111.
726 569 799 631 mili.
821 565 922 631 DCC.
944 564 1025 628 stad.
1050 565 1157 642 abest,
1180 573 1289 628 tamen
1393 608 1394 661 ρ

192 688 221 750 si
232 682 477 766 eomputationis
499 681 581 742 iilius
603 682 758 740 rationem
779 674 944 752 habemus,
967 672 1095 736 videtur
1116 693 1211 755 quatu
1228 693 1290 735 ae·
1393 692 1394 711 ν

191 793 390 857 curatissime
410 787 616 852 indicavisse.
660 785 788 864 Quanto
809 791 915 845 eutem
937 781 1103 844 intervallo
1125 779 1288 862 Himdlaje

190 918 282 963 mons
304 898 343 962 ab
365 896 495 960 australi
517 893 627 956 Indiae
646 891 709 955 fine
732 891 872 972 distaret,
901 889 1134 972 Megasthenes
1149 889 1211 951 iam
1224 890 1288 952 mi-

190 1025 250 1070 nus
271 1012 422 1067 accurate
443 1009 569 1084 poterat
589 1000 708 1078 dicere,
730 1017 823 1080 quum
845 999 876 1058 in
898 997 961 1059 hoe
984 995 1206 1077 spetioterrae
1221 1015 1285 1057 na-

189 1113 260 1178 tura
280 1114 323 1175 iili
344 1108 570 1194 computationi
591 1109 691 1170 minus
713 1109 908 1170 conveniret.
952 1105 1046 1185 Quod
1066 1106 1161 1188 igitur
1181 1107 1283 1168 inter-

189 1222 319 1303 valium,
341 1218 426 1304 qued
447 1227 537 1281 reate
557 1218 611 1280 via
634 1237 696 1279 non
719 1217 853 1297 amplius
874 1216 963 1277 XVI.
986 1215 1058 1276 mill.
1081 1211 1180 1276 000.
1202 1214 1284 1275 stad.

190 1329 312 1411 explet,
332 1337 365 1389 et
379 1327 406 1389 si
421 1325 631 1409 Taprobanen
650 1324 785 1387 insulam
806 1326 1079 1404 annumeraveris,
1092 1322 1198 1383 XVII.
1210 1321 1281 1382 mill.

190 1436 229 1498 D.
251 1433 334 1498 stad.
359 1440 486 1518 aequat,
509 1433 701 1497 xx11.mt11.
720 1431 819 1495 000.
841 1431 970 1493 efficere
992 1429 1213 1512 contendite),
1232 1430 1282 1513 qui

189 1635 241 1694 aa)
257 1605 323 1686 sir.
339 1636 398 1685 ine.
416 1636 442 1684 a.
460 1635 488 1699 e,
506 1635 598 1684 strae.
617 1634 735 1696 ee-ee,
753 1631 818 1680 eea.
852 1630 956 1680 ennius
973 1632 999 1681 n
1016 1643 1043 1682 ο.
1060 1630 1108 1679 vi.
1125 1629 1170 1679 aa
1189 1630 1217 1682 a.
1236 1643 1283 1680 re-

254 1727 319 1791 fert,
335 1726 438 1777 Indiam
454 1739 472 1775 a
488 1724 717 1788 septentrionibus
743 1725 777 1773 ad
794 1723 928 1773 meridiem
954 1735 1004 1784 per
1020 1721 1139 1784 spatium
1154 1721 1242 1772 vicies
1260 1729 1286 1772 et

254 1819 339 1870 octies
356 1798 529 1868 'centenorum
547 1817 738 1881 quinquaginta
758 1818 827 1866 mill.
842 1829 916 1879 pass.
931 1817 1046 1866 extendi.
1080 1814 1133 1880 Qui
1142 1827 1281 1877 numerus,

255 1921 413 1974 quamquam
438 1912 521 1964 xx11.
538 1911 605 1960 mill.
623 1910 698 1963 000.
722 1912 791 1960 stad.
816 1923 872 1960 nen
896 1909 1023 1960 aeaut-ate
1047 1909 1210 1972 respondet,
1237 1910 1285 1958 sed

255 2004 340 2054 xxn.
356 2002 425 2054 mill.
442 2003 544 2055 DCGG.
561 2005 631 2054 stad.
650 2005 764 2068 aequat,
790 2006 879 2052 tamen
896 2003 930 2050 ad
952 2013 1012 2049 eum
1034 2013 1191 2065 numerum,
1209 2013 1288 2062 quem

253 2097 443 2162 Megasthenes
460 2095 538 2160 dixit,
554 2095 667 2158 propius
683 2107 761 2156 quam
779 2095 814 2142 ad
831 2093 912 2142 alium
931 2093 1017 2141 ullum
1034 2091 1150 2142 aceedit.
1240 2133 1242 2142 .

318 2189 361 2240 Ah
379 2189 419 2238 eis
438 2189 571 2255 numeris,
589 2201 657 2251 quas
674 2186 808 2236 Arrianus
834 2190 862 2238 et
883 2187 983 2237 Strabo
1010 2199 1064 2236 une
1089 2199 1136 2236 ere
1159 2188 1283 2251 tradunt,

253 2280 392 2332 Diodorus
419 2281 454 2332 11.
471 2281 518 2330 86.
543 2278 608 2328 mire
626 2279 779 2340 discrepat:
810 2277 979 2330 latitudinem
1004 2280 1074 2329 enim
1090 2278 1130 2330 ait
1154 2281 1281 2332 xxvm.

253 2371 323 2422 mill.
349 2375 434 2438 stad,
457 2373 652 2436 longitudinem
674 2377 782 2428 xxxin.
799 2377 868 2428 mill.
892 2379 1009 2440 explere.
1047 2379 1279 2430 inconsideratum

253 2469 327 2516 esset
343 2475 454 2530 negare,
471 2467 672 2530 Megasthenem
690 2467 771 2518 etiam
786 2469 902 2519 maiores
920 2471 1035 2521 Diodori
1056 2483 1184 2522 numeres
1206 2473 1280 2524 indi-

253 2561 373 2628 cavisse,
391 2559 452 2626 quia
469 2561 603 2612 Arrianus
620 2575 732 2613 numera
749 2565 815 2612 haee
832 2564 892 2626 ipsa
914 2565 1000 2613 verba
1021 2565 1123 2614 addidit
1141 2564 1232 2632 transq
1249 2563 1282 2617 ro*

252 2651 417 2721 βραχύτατον
434 2650 511 2706 αὖτοῦ
527 2657 554 2705 ei
567 2655 658 2724 ἵναπερ
676 2651 707 2705 τδ
723 2651 880 2706 στενώτατον
897 2650 973 2705 adron
989 2657 1048 2706 ind.
1073 2659 1100 2707 8.
1119 2658 1148 2722 7,
1166 2661 1192 2711 8.
1210 2659 1236 2720 Θ,
1254 2661 1280 2708 et

252 2746 317 2807 quia
334 2745 434 2796 Strabo
451 2745 602 2795 latitudinis
618 2757 729 2795 numero
756 2746 857 2796 addidit
872 2737 886 2810 ᾗ
901 2742 1066 2814 βραχύτατον
1093 2752 1132 2810 (p.
1150 2747 1229 2812 689.)
1254 2753 1282 2799 et

254 2836 286 2884 de
302 2835 488 2902 longitudIne‚
514 2837 715 2900 Megasthenem
741 2840 769 2888 et
800 2839 973 2890 Deimaehum
1002 2845 1145 2904 spectans,
1179 2839 1279 2889 diserte

254 2927 322 2978 dixit
329 2929 395 2979 hoc:
411 2927 438 2979 οἳ
452 2924 510 2980 καθ’
525 2925 566 2986 οὓς
582 2929 632 2994 μὲν
649 2929 741 2989 τόπους
757 2929 890 3000 δισμυρίων
905 2933 969 2984 εἶναι
985 2933 1094 2986 σταδίων
1106 2932 1138 2986 so*
1155 2930 1277 3001 διδοτημδ

256 3041 314 3090 φασι
330 3021 430 3076 adaiae*
448 3026 489 3090 τῆς
507 3020 570 3076 narce*
587 3027 745 3093 μεσημβρίαν
769 3023 901 3093 θαίδττης,
917 3023 979 3078 aa&⁴
997 3022 1037 3084 οὓς
1068 3026 1097 3078 δὲ
1121 3030 1162 3079 καὶ
1177 3045 1280 3094 τρισμυ-

252 3121 310 3187 ρίων
328 3113 483 3185 (σθ-69.)
517 3117 645 3168 Attamen
661 3117 779 3169 dubitari
795 3119 895 3184 nequit,
913 3120 976 3184 quin
992 3120 1122 3172 minarent
1138 3133 1280 3172 numerum

254 3211 451 3277 Megasthenes,
469 3210 630 3262 Daimachus
648 3211 775 3262 maiorem
801 3217 905 3263 reatum
926 3213 1139 3265 existimaverlt:
1163 3227 1226 3264 nam
1253 3219 1281 3265 et

250 3301 370 3353 Arriam
395 3302 482 3353 meion-
503 3315 558 3353 nen
583 3307 732 3355 memoratu
758 3303 857 3368 dignus
879 3309 920 3354 est
941 3305 1038 3371 visus,
1059 3309 1085 3356 et
1102 3307 1192 3356 strab.
1211 3305 1279 3355 690.

249 3398 342 3455 aperte
364 3396 416 3445 hoo
433 3397 512 3450 dixit:
547 3400 731 3465 Μεγασθένους
755 3402 796 3450 καὶ
812 3399 948 3470 Δηίμᾶχου
972 3399 1156 3471 μετριασᾶντων
1173 3405 1278 3470 μᾶλλον·

248 3482 312 3556 iniq
333 3483 381 3555 ηδρ
405 3484 543 3557 δισμυρίους
568 3493 663 3541 τιθέασι
686 3489 799 3549 σταδίους
817 3491 846 3542 w*
863 3489 916 3544 οῗττδ
936 3498 977 3561 τῆς
994 3497 1077 3547 νοτίου
1093 3491 1218 3561 θαλάττης
1235 3495 1278 3549 int

251 3576 299 3630 τδν
314 3574 456 3641 Καύκασον,
472 3574 603 3646 Δηίμαχος
627 3578 651 3632 δ’
672 3577 735 3652 iniq
751 3580 807 3640 τούς
833 3588 983 3656 τρισμυρίους
1000 3588 1056 3637 κατ’
1080 3586 1157 3646 ἐνίους
1177 3584 1277 3650 τόπους,

253 3671 351 3740 quihus
367 3670 460 3722 verbis
476 3672 511 3721 eb
528 3672 580 3724 hae
596 3673 730 3725 sententia
746 3675 947 3739 Megasthenes
969 3679 1050 3740 plane
1071 3681 1199 3730 excludit.
1241 3681 1277 3732 lit

197 3771 200 3785 '
247 3779 275 3831 p.
292 3767 339 3831 72,
357 3765 402 3819 ubi
418 3763 558 3816 Daimaahi
574 3767 654 3820 xxx.
673 3767 738 3818 mill.
761 3781 833 3831 pass.
858 3773 1025 3837 memoravit,
1043 3773 1075 3822 de
1098 3771 1276 3836 Megasthene

248 3871 282 3911 ne
298 3861 409 3912 verbum
428 3859 532 3924 quidem
550 3855 623 3910 dixit.
656 3863 749 3926 Neque
764 3863 852 3914 minus
870 3867 902 3914 de
917 3865 1062 3915 latitudine
1078 3865 1170 3916 indiae
1186 3865 1275 3915 selant

250 3948 401 4005 mensumn
418 3955 493 4006 xvi.
514 3954 583 4004 mill.
607 3955 676 4004 stad.
703 3958 893 4021 Megasthenes
916 3971 1010 4008 veram
1033 3958 1160 4008 habuisse
1176 3961 1275 4020 petest.

239 4045 318 4097 'Mam
342 4055 398 4098 non
414 4048 502 4099 selam
521 4044 619 4098 straba
645 4045 784 4113 [689.)1et
801 4048 933 4100 Arrianus
951 4045 1021 4110 (Ind.
1039 4053 1066 4102 ³.
1084 4048 1129 4115 7.)
1145 4050 1280 4103 materen

249 4141 431 4204 Megasthenis
447 4155 584 4195 numerum
602 4157 657 4196 non
673 4146 927 4210 commemorarunt,
943 4145 990 4194 sed
1007 4145 1086 4196 etiam
1103 4145 1274 4208 Hipparchus

249 4235 321 4296 apud
339 4233 428 4286 suan.
447 4235 503 4299 69„
522 4249 574 4298 que
591 4237 655 4288 loeo
674 4236 868 4289 demonstravit
885 4237 1036 4290 nationem
1053 4239 1103 4290 tide
1121 4251 1183 4308 esse
1200 4237 1272 4288 indi-
