2778 4802
553 313 753 376 ..77-

15 567 19 575 ,
92 461 169 562 hovi
188 487 247 561 uos
268 500 394 578 docuit,
417 467 533 584 neque
559 504 680 566 numeri
709 519 812 585 neque
842 487 1003 587 ponderis¹
1026 507 1192 590 permagni

94 625 181 670 esse.
224 605 366 672 Gravius
382 619 442 686 est,
464 628 559 692 quam
576 609 702 694 idquod
717 631 834 674 rrovrrm
851 614 960 696 refert,
983 615 1068 696 quod
1087 634 1193 680 rerum

14 787 17 824 ι
91 714 272 798 Indicarum
305 705 476 800 imaginem
504 718 535 779 in
564 731 685 782 certum
718 728 844 804 tempus
877 722 1063 805 revocarit,
1094 741 1191 804 quum

14 891 16 900 y
92 815 217 885 litterae
235 823 369 918 ¹indicae
390 843 516 907 semper
530 825 597 926 'sibi
618 836 813 904 constantes,
835 829 863 889 si
878 847 940 911 quo
959 839 1102 912 tempore
1116 829 1193 912 quid

14 919 17 1006 f
96 929 256 1018 acciderit¹
271 935 471 1014 quaerimus,
505 935 535 994 in
557 953 691 1000 summa
714 937 908 1001 dubitatione
937 957 995 1002 nos
1017 939 1218 1020 relinquere

97 1043 234 1105 soleant.

494 1275 802 1311 ηψ-

218 1597 221 1602 ,
311 1483 401 1572 111.
442 1487 515 1572 De
555 1485 859 1600 scriptoribus
897 1489 991 1602 eis,
1113 1479 1115 1486 ’

125 1624 209 1714 Ι«ιιιί
227 1652 325 1716 mont
339 1649 651 1717 bisuntinensem
678 1653 728 1710 de
753 1654 875 1712 India
900 1656 1159 1728 minuar-tna.

177 1865 384 1952 cognitionis
400 1879 432 1934 et
448 1889 593 1934 summae
607 1881 638 1934 et
654 1871 922 1948 accuratissimae,
947 1891 1038 1954 qnam
1052 1892 1188 1959 unquam

95 1979 137 2044 de
156 1977 248 2042 -lndia
268 1977 387 2043 Graeci
409 1979 491 2044 nacti
513 1988 605 2062 sunt,
627 1980 862 2062 Megasthenes
882 1982 942 2046 fuit
963 1993 1086 2048 auctor.
1117 1986 1191 2050 Ne·

95 2107 159 2170 que
181 2096 287 2155 tannen
304 2087 356 2152 alii
373 2086 552 2164 defuerunt,
575 2087 626 2168 qui
646 2095 752 2150 aetate
766 2086 819 2148 ille
833 2086 953 2152 lndiam
964 2089 1192 2160 describerent,

96 2197 184 2262 Nam
206 2197 298 2266 etiam
320 2198 566 2260 Dorimachus
586 2198 875 2277 Plorucensis,
905 2217 924 2258 a
946 2199 1085 2262 Seleuco
1108 2201 1190 2265 mis*

99 2321 157 2366 sus
185 2302 226 2366 ad
255 2291 508 2384 Amieaq‘eram,
540 2292 799 2390 K'andraguptue
820 2324 1045 2376 successorem
1067 2309 1194 2383 (Strah.

94 2411 150 2491 08,
173 2411 229 2490 70,
248 2409 300 2493 72,
323 2411 377 2494 74,
399 2411 453 2494 75,
473 2413 548 2492 690,
569 2414 686 2476 Athen.
715 2415 771 2476 lX.
793 2434 822 2494 p.
843 2414 914 2478 39l.
938 2417 974 2490 Ε,
1002 2415 1196 2496 llarpooratt

94 2539 129 2581 n.
158 2504 346 2603 alyyuitq'aq),
379 2523 631 2602 Dionysius,
660 2540 680 2584 a
707 2521 893 2584 Ptolemaeo
921 2522 1129 2604 Philadelpho
1153 2525 1194 2596 ¹in

97 2627 217 2690 lndiam
245 2631 365 2692 missus
398 2627 493 2702 (Plin.
520 2627 552 2692 h.
572 2649 602 2692 n.
625 2629 681 2691 Vl.
702 2628 754 2692 014
780 2629 842 2710 3.),
870 2632 1106 2715 Patrocles,
1139 2635 1194 2715 qui

94 2753 157 2798 nou
178 2735 271 2802 modo
293 2749 525 2816 peroceanum
548 2733 688 2807 iudicum
710 2736 779 2816 ipse
798 2737 984 2821 navigabat,
1013 2737 1072 2806 sed
1094 2740 1190 2808 etiam

96 2848 144 2910 eis
165 2848 249 2909 libris
271 2847 432 2928 utebatur,
454 2864 535 2928 quos
559 2845 1004 2938 Alexanderaocnratissime
1034 2851 1192 2918 conscribi

95 2961 238 3022 iusserat
259 2959 353 3034 (Plin.
388 2959 407 3021 l.
437 2958 468 3040 l,
500 2958 606 3024 Strah.
634 2957 686 3036 60,
715 2957 769 3037 rt,
795 2958 870 3032 400,
895 2959 971 3038 508,
994 2958 1070 3040 518,
1088 2959 1194 3040 080),
1232 2964 1234 2970 ’

95 3066 219 3129 Indiam
241 3074 273 3128 et
294 3066 354 3147 ipsi
374 3065 525 3128 uiderunt
544 3074 576 3128 et
598 3063 844 3146 descripserunt.
866 3064 974 3143 Quum
997 3073 1103 3129 antem
1116 3085 1192 3146 ροι-Ι

96 3194 169 3237 raro
191 3174 369 3256 laudentur,
389 3183 423 3235 et
444 3191 539 3255 quum
561 3171 688 3251 ei'loci,
719 3171 771 3252 qui
799 3170 988 3252 afferuntur,
1018 3171 1058 3234 ad
1089 3175 1192 3242 solam

96 3281 367 3365 chorographiam*
403 3281 592 3364 pertineant,
635 3278 861 3359 Megasthenis
896 3279 1120 3346 auctoritatem
1158 3290 1192 3345 et

95 3395 232 3473 pretium
252 3389 335 3453 nullo
359 3387 452 3455 modo
472 3386 615 3451 assecuti
637 3385 795 3448 videntur.
1171 3451 1174 3456 ,

180 3499 273 3560 lianc
290 3495 453 3578 aetiten,
474 3513 544 3584 *qna
565 3496 720 3577 frequenti
748 3499 859 3561 itinere
888 3498 979 3562 lndia
1004 3500 1187 3582 exploratur

93 3606 126 3671 e't
147 3609 189 3670 ab
211 3608 257 3668 eis
279 3607 479 3684 describitur,
499 3609 554 3690 qui
575 3606 729 3687 eamipsi
751 3606 1026 3690 viderunt,tertia
1049 3609 1193 3689 sequitur

94 3715 206 3779 indiae
233 3716 479 3800 cognoscendae
501 3723 611 3780 aetas.
643 3717 762 3796 Neque
782 3717 932 3780 iam-boc
952 3726 1095 3796 tempore
1117 3733 1190 3776 om·-

95 3805 171 3886 nino
198 3823 313 3886 desunt
348 3823 400 3904 qul
433 3823 544 3884 itinere
579 3821 699 3885 indiam
729 3825 951 3905 cognoverint,
972 3821 1038 3884 sed
1073 3829 1105 3882 et
1131 3820 1195 3886 rari

95 3940 187 4010 sunt,
209 3941 242 3992 et
263 3933 350 3994 solas
373 3949 446 3992 oras
465 3931 571 3992 solent
592 3929 780 3998 describere.
822 3933 909 3991 lnter
932 3945 1012 4009 quos
1035 3927 1090 3988 vix
1112 3927 1192 3990 alins

96 4049 149 4102 est
169 4047 345 4104 memoratu
368 4039 482 4123 dignus
507 4047 632 4118 praeter
653 4045 863 4100 auctorem
888 4037 1046 4114 periali
1073 4039 1196 4100 rubra·

95 4155 244 4230 marn,
274 4149 431 4210 hominem
462 4147 620 4210 indoctum
652 4144 775 4226 quidem
805 4149 838 4202 et
860 4144 1001 4208 alienum
1038 4143 1077 4204 ab
1109 4154 1191 4220 arte,

96 4258 188 4320 cuins
210 4263 315 4320 tumen
336 4255 414 4317 liber
434 4251 536 4318 adhuc
556 4271 620 4316 non
640 4248 850 4334 negligendus
880 4258 939 4315 esh
993 4251 1061 4315 Sed
1087 4251 1191 4333 magis
