2822 4786
550 243 752 308 ..ομ

95 445 188 508 solus
211 459 253 502 ex
276 436 426 499 omnibus
449 429 587 496 Graecis
611 426 700 490 novit
727 421 837 487 indiae
857 421 1001 488 formam,
1026 407 1068 476 de
1083 429 1146 497 que
1164 410 1197 491 ii,

97 551 154 634 qni
177 555 252 611 ante
273 541 490 607 Alexandrum
512 541 722 619 scripserunt,
746 530 821 594 nihii
843 527 981 606 omnino,
1002 520 1086 606 quod
1109 519 1199 582 scia-

97 677 187 738 mus,
209 654 328 720 certins
351 650 457 713 dicere
485 653 574 708 erant
602 641 683 721 ausi,
719 647 752 701 et
777 637 867 702 cuius
901 629 1100 696 Macedones
1136 635 1202 689 ίιιιιι

98 767 228 830 fuerant
250 759 363 844 ignari,
386 765 421 818 ut
442 772 547 817 errore
569 750 706 812 maximo
729 743 958 832 longitudinem
981 740 1020 802 ab
1039 733 1202 800 occidente

100 873 144 936 ad
167 873 330 949 orientem,
354 883 372 926 a
393 857 658 944 septentrionibus
678 853 840 917 meridiem
863 867 979 912 versus
993 865 1068 908 esse
1089 842 1203 906 latitu-

100 983 206 1044 dinem
228 976 430 1058 putarentffl).
474 964 688 1031 Latitudinem
711 960 786 1022 dicit
806 957 899 1021 XVI.
922 955 1018 1019 millia
1034 951 1117 1015 stad.
1139 970 1203 1014 ex-

99 1089 254 1170 pteram),
291 1079 424 1156 addens,
456 1093 518 1157 quo
555 1069 649 1134 modo
681 1069 744 1132 hcc
778 1067 916 1149 spatium
953 1071 1203 1148 computaverim

102 1197 145 1259 ab
167 1191 245 1256 ludo
267 1189 348 1250 eninr
370 1178 537 1264 usquead
559 1164 801 1258 Pat'aiipuirom
817 1175 979 1238 columnas
994 1177 1202 1242 milliarios&

103 1306 180 1369 mili.
212 1298 342 1368 senata)
381 1293 531 1372 indicare,
564 1290 717 1369 reliquum
753 1285 890 1366 spatium
918 1304 1018 1367 usque
1046 1285 1088 1347 ad
1117 1305 1205 1348 more

103 1418 288 1496 porrectum
311 1405 369 1468 Vi.
389 1403 462 1516 mill.
486 1397 571 1463 stad.
600 1417 641 1460 ex
670 1396 907 1476 computatione
933 1403 1101 1458 nautarum
1126 1395 1203 1457 elli-

122 1567 337 1591 ..nnn—*¹⁸¹³*-

106 1667 160 1727 at)
177 1664 288 1716 Errorls
306 1673 390 1712 causa
406 1671 463 1709 non
486 1657 561 1708 latet·
596 1657 758 1706 Macedones
771 1655 845 1705 enim
863 1656 897 1704 ad
914 1651 1046 1721 Vipdpam
1064 1651 1206 1718 progressi

173 1757 304 1810 certiores
322 1755 400 1804 erant
417 1749 493 1813 facti,
510 1748 641 1798 orientem
658 1761 757 1798 versus
773 1749 876 1799 Indiam
898 1732 1083 1812 perspectum
1108 1746 1205 1812 ingens

173 1849 290 1912 extendi,
308 1846 402 1896 deinde
425 1843 544 1892 secundo
570 1840 677 1890 dumine
709 1841 744 1890 ad
770 1841 905 1890 meridiem
930 1838 1055 1903 proiecti,
1082 1839 1206 1889 breviore

174 1944 270 1994 itinere
287 1954 360 1990 mare
377 1938 547 1988 invenerant.
589 1934 630 1984 hb
648 1935 699 1984 hoc
716 1937 835 1996 tempore
853 1935 896 1985 hie
913 1949 972 1985 esse
997 1936 1088 1986 indiae
1109 1935 1208 1986 latitu-

173 2036 269 2100 dinem,
287 2031 483 2096 longitudinem
506 2029 562 2078 illic
588 2027 780 2092 opinabantur,
812 2026 976 2090 omittentes,
1001 2027 1067 2076 litus
1093 2025 1208 2077 ulterius

174 2128 210 2177 ad
225 2125 360 2175 meridiem
378 2119 557 2184 posse-decli.
591 2119 680 2169 Error
703 2117 755 2166 iste
779 2117 945 2179 expeditione
964 2117 1113 2167 Alexandri
1129 2123 1208 2168 ortus

176 2219 223 2268 vel
240 2222 312 2268 certe
330 2215 514 2278 confirmatus,
540 2225 593 2274 quo
610 2209 702 2260 indiae
719 2210 808 2259 forma
825 2209 935 2259 omnino
953 2208 1146 2274 corrumpitur,
1172 2208 1207 2258 ab

175 2311 353 2361 Eratosthene
371 2309 456 2358 tutam
474 2307 640 2356 Graecorum
657 2302 850 2368 geographiam
867 2301 1000 2364 pervadit.

107 2400 165 2469 22]
181 2403 243 2452 Arr.
260 2403 318 2451 lnd.
337 2403 362 2450 8.
380 2401 461 2464 '7—-8,
488 2399 577 2450 Strab.
600 2399 647 2461 69,
674 2398 738 2448 659.
778 2396 838 2446 Ηιιο
865 2394 945 2444 etiam
970 2393 1102 2456 pertinere
1123 2403 1209 2454 supra

178 2495 350 2557 exposuimus
368 2492 447 2544 varia
462 2491 563 2556 spatia,
580 2503 647 2552 quae
665 2488 769 2538 Plinius
786 2487 811 2536 h.
828 2499 855 2538 n.
872 2488 920 2539 Vl.
937 2484 984 2538 21.
1001 2487 1029 2536 8.
1047 2484 1175 2549 prodidit.

108 2587 334 2654 2³)1regenuum
359 2597 418 2634 esse
440 2583 512 2644 apud
533 2581 697 2631 strabonem
721 2591 748 2640 p.
767 2579 833 2628 689.
856 2579 1073 2642 καταμεμίτρητοι
1089 2578 1208 2640 σχοινίοις

177 2683 219 2732 καὶ
236 2680 302 2729 ἔστιν
323 2674 382 2734 ὃδός
404 2673 513 2741 peribat
537 2669 645 2724 σταδίων
668 2673 802 2738 μυρίων,
831 2681 916 2730 neque
939 2668 1010 2730 quod
1033 2665 1062 2716 in
1088 2665 1211 2716 omnibus

179 2774 257 2825 codd.
274 2769 411 2821 invenitur
428 2765 569 2833 δισμυρίων,
586 2763 653 2815 nihil
670 2760 845 2814 dubltationis
862 2760 951 2813 babet.
985 2757 1086 2808 Deinde
1103 2757 1133 2806 in
1152 2769 1213 2806 om·

181 2874 260 2923 nibus
278 2867 423 2921 strabonis
447 2865 524 2916 codd.
546 2863 650 2927 legitur
672 2860 801 2925 σχοινίοις,
824 2858 852 2906 ct
878 2855 950 2918 apud
973 2852 1140 2915 Attianum,
1166 2848 1212 2913 qui

179 2965 293 3014 eundem
309 2961 400 3010 locum
418 2971 452 3006 ex
469 2956 643 3020 Megasthene
661 2949 808 3012 exscripsit
826 2948 897 3011 (ind.
914 2949 942 2996 3.
959 2942 1017 3008 4.),
1039 2944 1067 2994 ia
1085 2942 1208 2994 omnibus

183 3059 301 3121 σχοίνοις.
336 3051 467 3117 Quamvis
483 3049 551 3100 nihii
568 3048 596 3098 in
612 3048 726 3108 utraque
743 3043 862 3094 lectione
879 3041 966 3102 pessit
982 3035 1151 3100 reprehendi,
1169 3037 1215 3083 ta-

183 3162 244 3200 men
260 3159 355 3198 vocem
373 3147 481 3210 σχοίνοις
498 3145 602 3192 mutare
619 3138 727 3189 facilius
744 3141 813 3202 erat,
831 3149 909 3199 quam
926 3136 1068 3183 immutare
1085 3132 1218 3196 σχοινίοις.

182 3239 310 3294 Straboni
320 3237 388 3288 enim
404 3236 499 3286 mirum
517 3232 604 3284 videri
613 3233 729 3294 poterat,
747 3228 857 3279 schoeni
874 3237 1034 3287 mensuram,
1052 3235 1106 3286 qua
1115 3221 1214 3273 Graeci

183 3335 223 3384 uti
240 3333 429 3391 assueverant,
456 3327 484 3376 in
502 3327 579 3377 india
596 3323 722 3374 adhiberi.
758 3319 893 3372 convenit
911 3324 1000 3368 autern
1017 3314 1215 3379 schoenus‚qul

182 3425 357 3481 Eratostheni
382 3428 424 3474 est
449 3433 577 3473 mensura
593 3417 774 3484 quadraginta
798 3415 947 3466 stadiorum
965 3409 1048 3477 (Plio.
1065 3413 1090 3462 h.
1106 3421 1135 3460 ιι.
1157 3409 1219 3458 xil.

183 3519 256 3585 30.).
273 3521 400 3570 accurate
419 3529 477 3566 cum
495 3515 587 3565 indica
600 3507 727 3577 jdg'anae
743 3520 880 3572 mensura,
903 3519 971 3570 quae
989 3505 1106 3568 quatuor
1119 3497 1216 3565 crdcae

184 3613 314 3666 continet.
332 3610 472 3673 Duplieem
484 3608 571 3672 vulgo
585 3603 783 3668 longitudinem
796 3595 922 3665 jdg'aoae
939 3597 1053 3648 attribui
1064 3605 1120 3644 non
1136 3592 1219 3654 igno·

184 3718 228 3770 ro,
255 3704 303 3754 sed
335 3701 412 3751 etiam
435 3701 565 3750 minorem
591 3709 670 3760 quum
688 3694 739 3756 ipsi
756 3692 815 3743 Indi
832 3693 986 3755 agnoscunt
1009 3687 1058 3753 (cf.
1080 3687 1129 3735 As.
1153 3683 1218 3733 lies.

183 3799 219 3849 V.
237 3791 327 3860 lob),
346 3796 402 3842 tom
425 3791 556 3842 Sirenses
573 3787 792 3852 peregrinator-es
811 3781 860 3848 (el.
878 3775 1069 3832 lloe-koue-lrl
1085 3769 1219 3838 87-88.)

195 3891 222 3936 et
237 3885 296 3948 ipse
313 3881 503 3946 Megasthenes
520 3881 572 3930 boc
588 3879 652 3930 loeo
662 3876 805 3927 Strabonis
816 3870 926 3939 (rosor
943 3865 975 3918 Oi
992 3859 1141 3934 ἄχορονδμσι
1156 3859 1219 3932 ὁδο-

186 3981 283 4031 ποιοῦσι
310 3978 351 4026 aet
378 3973 461 4025 κστᾶ
494 3970 570 4023 δέκα
598 3968 718 4022 στάδια
741 3967 828 4034 στήλην
851 3966 946 4025 τιθέασι
970 3956 1013 4016 uir
1029 3953 1158 4025 desponde
1182 3949 1224 4008 eol

187 4070 219 4121 τί
242 4068 398 4135 διαστήματι
420 4062 545 4132 δηλούσας.
589 4063 651 4130 Quo
673 4073 708 4114 ex
730 4061 794 4110 loeo
817 4058 869 4106 hcc
887 4053 960 4104 certe
976 4045 1223 4118 appetem-{decem

187 4163 275 4212 stadio
293 4161 410 4234 aliquam
426 4159 546 4210 Indicam
563 4166 716 4206 mensuram
733 4159 860 4214 aequare,
878 4157 946 4210 quae
962 4144 1020 4198 alia
1035 4148 1115 4210 atque
1132 4139 1222 4196 minor

187 4254 238 4304 illa
255 4250 339 4319 crica
358 4263 417 4302 esse
437 4261 492 4300 non
510 4249 611 4311 potest.
