2778 4802
646 311 848 374 ..ω’-

192 497 288 579 mum,
313 511 398 578 quae
430 493 471 556 de
503 492 594 555 ludia
627 507 730 572 neque
762 491 857 572 plene
892 507 995 570 neque
1022 497 1176 552 accurate
1208 487 1306 572 dixit,

190 622 293 686 spera
315 601 415 666 mrrlta
437 619 480 664 ex
498 599 610 662 multis
631 597 718 661 libris
739 596 973 678 conquisivisse
1005 595 1208 674 intellexerit,
1240 614 1307 658 nou

193 712 330 792 amplius
352 709 517 789 annitente,
539 709 613 790 quin
641 708 832 789 catalogum,
856 703 896 766 de
923 722 986 786 qno
1015 705 1133 786 agitur,
1162 723 1227 765 non
1262 723 1307 766 ex

195 836 256 882 sna
276 817 376 898 ipsius
399 815 547 892 seleutia,
568 814 627 876 sed
649 833 691 876 ex
711 814 782 876 aliis
812 813 898 876 libris
932 812 1166 891 conscripserit.
1210 812 1304 873 Nam

193 927 225 988 si
246 924 334 988 libris
356 925 387 985 in
409 924 471 986 hnc
490 919 722 985 conseribendo
744 939 806 981 uon
828 937 908 980 usus
930 925 1039 1000 esset,
1057 987 1059 992 ,
1076 935 1158 999 quos
1178 918 1305 981 neuere

194 1033 278 1094 'alias
300 1031 456 1112 potuisset
481 1037 629 1091 auctores
657 1035 755 1107 atque
786 1021 923 1087 nautas?
964 1025 1008 1084 Et
1042 1023 1199 1104 morundo
1231 1023 1303 1086 fieri

193 1145 333 1221 poterat,
373 1143 545 1202 utnautae
566 1134 724 1196 interioris
746 1131 854 1193 lndiae
875 1139 997 1212 gentes
1007 1147 1199 1191 enumerare
1218 1151 1303 1212 pos·

192 1254 277 1342 sent,
315 1248 379 1306 ima
420 1244 515 1304 etiam
545 1243 743 1304 exercituum
774 1255 921 1302 numeros
952 1232 1120 1300 indicaret
1172 1238 1303 1300 Deinde

195 1354 290 1426 etiam
312 1351 519 1432 'l'aprobaoes
542 1347 714 1431 descriptio
737 1357 788 1414 est
808 1347 1012 1426 documento,
1036 1363 1098 1426 qun
1119 1345 1181 1408 alio
1202 1345 1300 1406 modo

193 1457 619 1539 Pitaiueseteatserioere,
642 1456 695 1519 nbi
717 1473 809 1518 suum
832 1457 936 1534 possit
957 1451 1086 1514 addere.
1127 1452 1299 1515 Postremo

192 1563 373 1630 huiusmodi
393 1565 574 1646 catalogum
596 1563 626 1623 si
646 1563 829 1623 universum
856 1566 988 1639 spectas
1009 1577 1071 1620 nou
1094 1579 1136 1620 ex
1157 1560 1300 1640 pluribus

192 1672 338 1753 potuisse
357 1670 501 1752 conquiri
523 1679 555 1730 nt
567 1667 711 1754 'corradi
736 1665 793 1726 sed
808 1666 900 1726 unius
912 1672 1034 1727 tantum
1055 1666 1195 1728 aucturis
1209 1685 1298 1749 esse,

191 1777 285 1840 senile
306 1774 469 1860 intelligis,
491 1765 519 1836 si
541 1792 661 1834 memor
690 1772 805 1856 fueris,
835 1771 971 1832 obscure
1000 1771 1154 1834 Romanis
1177 1773 1299 1837 ludium

193 1863 294 1946 inisse
317 1883 493 1964 cognitam,
524 1890 556 1946 et
577 1881 694 1944 deesse
716 1880 746 1940 in
768 1879 924 1962 catalogis
944 1879 1047 1960 locos,
1069 1897 1204 1962 quornm
1226 1883 1298 1943 aliis

192 1991 250 2065 alit
266 1988 390 2071 possint
411 1987 550 2073 adiungi.

198 2137 206 2146 -
274 2096 640 2178 Sediuspiciamusoa,
663 2097 808 2179 quaeda
835 2097 968 2160 sedibus
1000 2097 1179 2160 ludiearum
1214 2117 1299 2180 gen·
1374 2181 1375 2184 Ἴ

193 2212 272 2273 tium
294 2209 381 2272 dixit.
426 2209 520 2287 Quae
555 2210 584 2270 si
619 2210 790 2270 contuleris
828 2227 900 2272 cum
933 2210 984 2287 iis,
1017 2228 1098 2290 quae
1133 2219 1302 2289 praeterea

193 2317 312 2378 scimus
334 2314 374 2376 de
395 2313 526 2375 historia
554 2313 683 2395 ludica,
717 2310 925 2379 demonstrari
954 2316 1204 2398 existimaveris,
1235 2337 1301 2398 qno

194 2434 336 2505 tempore
358 2424 526 2506 catalogus
549 2427 749 2506 conscriptus
771 2427 820 2491 sit.
871 2427 936 2489 Sed
967 2428 1020 2490 tali
1042 2428 1133 2490 modo
1155 2427 1302 2491 abundat

193 2531 361 2615 catalogus
383 2531 502 2614 ignotis
522 2531 713 2611 nominibus,
736 2541 769 2595 et
791 2551 895 2614 pauca
917 2554 967 2610 ea,
997 2554 1081 2616 quae
1109 2543 1183 2601 nota
1210 2547 1299 2615 sunt,

194 2641 235 2712 ab
257 2640 392 2705 historia
412 2647 488 2701 sunt
508 2648 573 2702 tam
595 2639 710 2720 aliena,
733 2647 766 2700 ut
787 2637 830 2700 de
852 2641 962 2718 paucis
975 2648 1095 2702 tantum
1111 2643 1209 2703 rebus
1225 2661 1301 2704 cer-

195 2748 293 2810 tiores
315 2745 451 2809 liamusr
472 2763 556 2826 quae
577 2752 684 2808 tamen
705 2747 868 2824 proposito
891 2755 1002 2808 nostro
1023 2748 1197 2810 sufficiunt.
1227 2749 1297 2810 Le·

194 2855 301 2942 gimus
324 2856 405 2916 euim
427 2855 486 2920 Vl.
507 2855 561 2918 22.
581 2855 616 2917 5:
639 2856 708 2918 Sed
722 2861 861 2918 connium
898 2863 932 2919 in
964 2863 1058 2922 India
1088 2883 1199 2946 prope,
1233 2884 1298 2926 aton

194 2963 283 3028 enada
310 2966 345 3024 ιἰι
377 2961 437 3022 ltoo
465 2969 581 3038 tractu,
611 2968 785 3042 potentiam
821 2967 1058 3050 claritatemque
1107 2976 1300 3034 antecedant

196 3075 318 3149 Prasii,
339 3072 535 3152 amplissima
556 3075 634 3136 urbe
662 3075 881 3155 ditissimaque
909 3077 1108 3154 Palibothra,
1138 3087 1172 3142 et
1201 3081 1297 3160 paulo
1369 3099 1377 3159 p

195 3179 295 3243 infra:
316 3181 433 3243 Amnis
453 3183 602 3244 Iomanes
621 3187 656 3242 in
676 3181 823 3260 Ganpem
843 3203 903 3262 per
928 3187 1133 3248 Palibothros
1153 3189 1300 3248 decurrit
1374 3227 1377 3262 ,

194 3291 279 3347 inter
299 3289 414 3365 oppida
435 3288 586 3350 Methora
605 3294 637 3349 et
657 3288 856 3363 comedero,
879 3303 1059 3370 postremo:
1094 3294 1198 3353 Indae
1221 3300 1294 3353 sta-

194 3398 250 3454 tim
272 3412 293 3452 a
315 3394 504 3456 Prasiorum
522 3402 626 3472 pente.
678 3394 771 3456 Plinii
799 3395 895 3478 igitur
927 3378 1018 3458 aetas
1041 3398 1071 3460 ln
1094 3398 1114 3459 l.
1135 3415 1197 3459 non
1220 3399 1299 3482 agi·
1375 3440 1377 3498 4

195 3509 259 3579 tur,
280 3497 340 3560 sed
361 3495 402 3560 ad
425 3507 564 3561 aetatem
585 3517 732 3562 summae
752 3503 914 3580 potentiae
937 3504 1030 3586 regni
1051 3503 1198 3578 Prasiaai
1229 3527 1294 3569 au·
1376 3571 1377 3602 ,

195 3613 266 3670 otor
287 3620 471 3688 regressus,
494 3607 631 3668 omnium
652 3626 768 3696 rerum,
798 3624 882 3688 quae
902 3628 923 3670 a
949 3611 1081 3692 regibus
1117 3613 1297 3680 Bactrianis

195 3724 228 3777 et
248 3711 456 3797 ludoscythis
477 3711 509 3775 in
537 3718 777 3796 pentapotamia
809 3725 906 3798 gesta
938 3728 1040 3802 erant,
1076 3722 1295 3804 suspicionem

193 3820 290 3884 habet
320 3821 448 3886 omuino
475 3819 604 3883 nullam.
657 3822 726 3885 Sed
753 3841 797 3884 ex
828 3842 878 3900 en,
914 3827 1000 3905 quod
1021 3828 1144 3892 Plinius
1180 3830 1294 3912 refert,

193 3928 310 3991 annius
333 3927 490 4010 qraoddam
518 3927 591 3990 lieet
610 3927 782 4006 suspicari:
805 3946 880 3992 nam
911 3931 1023 3995 eodem
1051 3934 1295 4015 loee(v1.2s.

192 4035 238 4110 s.)
261 4045 377 4116 narrat,
401 4037 584 4101 Prasiorum
614 4035 683 4119 regi
709 4035 848 4117 peditum
871 4047 1027 4102 eeeeeata
1048 4043 1161 4124 milla,
1196 4042 1294 4124 eqni·
1376 4036 1377 4064 ¹

193 4145 260 4206 tum
291 4141 385 4218 millia
414 4145 561 4228 triginta,
595 4143 835 4225 elephantorum
862 4163 977 4210 novem
999 4168 1057 4229 per
1086 4167 1197 4215 omnes
1220 4149 1293 4213 dies

193 4245 389 4332 stipendlari.
433 4247 496 4328 Qui
519 4253 642 4314 numeri
662 4260 812 4315 accurate
835 4255 1029 4317 conveniunt
1049 4256 1205 4320 Prasiaon
1227 4275 1293 4320 ex-
