2822 4786
515 389 555 402 ..
599 360 641 428 17¹
666 375 720 410 v..

71 529 229 614 nabulum,
259 550 322 614 quo
355 537 423 598 solo
453 539 612 621 expeditio
640 543 753 612 bellica
788 551 997 636 significetur.
1040 560 1162 630 Contra
1273 566 1277 575 '

72 637 164 700 facile
189 639 391 726 intelligitur,
436 648 497 709 alio
526 669 651 734 quoque
679 659 773 724 modo
799 663 896 732 istum
927 665 1044 763 locum,
1062 689 1161 752 posse

73 746 230 832 explicari,
252 749 295 813 ita
317 753 454 834 quidem,
475 767 508 821 ut
529 759 629 824 Plinio
652 767 848 851 negligentia
868 777 1024 858 quaedam
1044 797 1077 852 et
1086 808 1158 856 am-

69 853 203 934 biguitas
226 860 377 924 orationis
400 865 579 947 imputetur,
599 869 658 934 sed
680 878 752 954 quis
775 888 834 962 est,
864 887 916 965 qui
947 903 1056 978 neget,
1088 900 1157 965 Pli-

62 960 148 1026 nium
169 970 355 1032 sexcenties
378 975 575 1056 negligenter
593 991 624 1043 et
637 983 791 1067 ambigue
801 993 994 1073 scripsisset?
1014 1003 1156 1074 Seleuco

61 1070 210 1142 „Nicatori
232 1085 283 1138 est
304 1077 432 1143 dativus
454 1079 693 1170 commodiani
715 1093 842 1160 dicitnr:
864 1122 920 1182 pro
943 1109 1080 1178 Seleuco
1100 1137 1156 1182 re.

67 1177 147 1258 liqna
167 1192 340 1264 peragrata
362 1196 446 1250 sunt.
489 1189 584 1270 Quae
611 1198 779 1277 explicatio
800 1206 839 1268 ab
863 1215 946 1276 omni
967 1237 1057 1298 parre
1077 1245 1156 1306 pm.

67 1287 169 1354 batur:
192 1293 425 1374 Megasthenes
447 1301 541 1385 enim,
562 1305 758 1372 Delmachus
780 1323 811 1374 et
827 1316 994 1388 Patrocles
1013 1348 1072 1409 pro
1090 1337 1158 1400 se.

66 1396 153 1460 leuco
175 1399 295 1463 lndiam
316 1419 581 1492 peragraverunt,
605 1433 684 1494 qnos
706 1425 810 1482 tamen
833 1426 924 1505 ipsos
942 1432 1061 1502 Plinius
1077 1443 1155 1506 bre-

66 1505 173 1567 vitatis
198 1517 298 1571 causa
328 1530 388 1574 non
417 1520 627 1602 enumeravit,
668 1523 780 1588 eodem
818 1533 923 1615 modo,
963 1560 1024 1621 qno
1061 1561 1155 1616 antea

65 1613 290 1694 Alexandrum,
328 1620 359 1682 h.
390 1623 409 1686 l.
444 1625 614 1690 Seleucum
652 1649 842 1698 memorans.
899 1645 1031 1712 Deinde
1058 1657 1153 1724 etiam

64 1719 309 1804 Megasthenem
332 1727 453 1792 seimus
476 1733 581 1812 spatia
603 1733 642 1796 ab
660 1735 737 1798 indo
759 1744 933 1812 secundnm
955 1755 1040 1820 viam
1063 1766 1153 1846 regi-

65 1842 112 1888 arn
134 1847 236 1909 usque
258 1831 299 1894 ad
322 1822 560 1918 Pait'aliputram
585 1850 618 1902 et
640 1842 680 1903 ad
697 1848 779 1909 ostia
793 1850 919 1937 Gangis
935 1880 1154 1952 enumerasse,

66 1950 145 2012 quae
167 1937 291 2016 quidem
314 1941 444 2022 Straba,
466 1964 559 2027 quum
581 1949 682 2014 solam
701 1955 810 2028 Indiae
828 1964 1054 2048 longitudinem
1071 1979 1167 2046 iudi-⁴

66 2055 137 2100 care
154 2042 212 2104 sibi
224 2047 454 2126 proposuisset,
482 2070 545 2116 non
563 2063 627 2120 tam
640 2075 791 2126 accurate
803 2087 895 2150 quam
909 2077 1031 2148 Plinius
1043 2091 1157 2155 retulit.

65 2145 185 2220 (Strab.
207 2149 278 2214 689.
302 2154 342 2218 ei.
364 2155 413 2220 69.
436 2159 506 2222 Arr.
530 2160 597 2224 ind.
620 2163 650 2225 3.
679 2167 726 2241 7.)
769 2175 1000 2258 explicationis
1026 2204 1157 2264 nostrae

63 2260 118 2314 aut
140 2254 360 2324 documentum
391 2273 446 2326 aut
475 2267 623 2334 refutatio
652 2277 712 2341 erit
739 2301 951 2376 numerorum,
981 2301 1034 2381 qui
1067 2309 1151 2387 apud

64 2358 196 2427 Plinium
218 2375 250 2429 et
275 2371 465 2437 Strabonem
486 2377 651 2462 leguntur,
684 2395 903 2464 convenientia
935 2415 991 2469 aut
1028 2409 1153 2477 disere-

63 2469 175 2544 pantia.
197 2473 286 2548 ‚Sed
307 2478 336 2538 ei
359 2484 494 2564 numeri,
520 2487 571 2565 qui
594 2489 634 2550 ad
656 2492 789 2571 priorem
812 2505 885 2566 viae
907 2519 1027 2588 partem
1050 2535 1155 2601 usqua

64 2574 102 2637 ad
121 2565 360 2662 Pdt'aliputram
381 2590 550 2672 pertinent,
573 2593 652 2656 inter
672 2616 709 2660 se
731 2617 906 2686 comparari
928 2635 990 2681 uon
1006 2637 1155 2701 possunt:

66 2691 180 2751 etenim
204 2691 324 2755 Plinius
345 2697 374 2756 in
398 2697 467 2760 aliis
489 2699 576 2763 libris
599 2704 680 2768 alias
706 2708 773 2789 jam
796 2719 917 2792 invenit
938 2747 1099 2818 numeros,
1124 2710 1164 2802 et¹

65 2813 141 2874 quos
173 2797 277 2881 tradit,
315 2803 484 2868 maximam
513 2822 634 2888 partem
666 2815 766 2882 falsos
795 2835 826 2888 et
858 2829 1043 2900 immodicos
1077 2862 1154 2909 esso

63 2917 205 2986 apparet:
229 2930 331 2993 neque
352 2926 485 2996 possunt
506 2920 547 2983 ad
568 2924 695 2996 plenum
716 2933 888 3012 stadiorum
912 2963 1075 3016 numerum
1097 2975 1162 3022 re-;

65 3016 168 3077 vocari
189 3025 316 3096 praeter
337 3019 598 3093 ccxxvqmitt.
623 3051 723 3116 pass,
746 3058 828 3121 quae
850 3061 1000 3116 ooorrrato
1015 3056 1063 3121 'V.
1080 3060 1153 3124 mil·

66 3117 140 3184 libus
162 3122 335 3187 stadiorum
356 3129 557 3208 respondent.
600 3141 750 3207 Attamen
773 3147 839 3220 tieri
862 3154 1001 3224 fortasse
1016 3173 1161 3252 poteret,-

66 3233 95 3286 ut
112 3230 183 3290 veri
194 3233 317 3296 numeri
332 3239 585 3321 restituerentur,
608 3249 669 3310 nisi
682 3251 880 3336 Rhodaphae
897 3273 930 3327 et
944 3267 1153 3354 Calinipaxae

66 3334 179 3400 urbium
200 3341 395 3406 obscuritate
416 3345 538 3426 firmum
561 3355 716 3434 quoddam
739 3361 975 3446 fundamentum
997 3384 1167 3454 emenda-.
1238 3401 1240 3406 “

66 3440 133 3506 tioni
155 3445 299 3513 deesset
344 3453 470 3520 Certius
492 3458 622 3526 indicari
645 3476 751 3547 potest
772 3471 812 3534 de
834 3479 932 3544 altera
953 3487 1027 3552 viae
1048 3501 1160 3575 parte,-

66 3565 140 3628 quae
162 3565 212 3616 est
234 3575 254 3618 a
275 3548 480 3644 Pat'atiputra
505 3556 666 3652 usquead
690 3579 770 3640 ostia
795 3579 936 3672 Gangis:
965 3611 1067 3674 quam.
1082 3600 1152 3664 Pli-

66 3658 129 3722 nius
149 3661 401 3730 DCXXXVlll.
422 3674 497 3738 mill.
519 3695 606 3756 pass.
629 3683 722 3745 tradit
744 3687 882 3756 allicere.

65 3887 152 3955 quum
215 3879 351 3961 spatium
376 3882 477 3947 tillud
523 3889 673 3958 incertius
706 3913 796 3969 esset
827 3910 999 3994 cognitum,
1036 3918 1150 3997 plenus

26 3958 28 3964 ’
63 3981 232 4047 stadiorum
266 4008 418 4054 uumerus
459 3992 571 4059 referri
600 4000 744 4070 debebat.
794 4010 860 4073 Sed
896 4015 1064 4100 legendum
1100 4041 1150 4094 est

61 4084 352 4182 cccxxxvffl,
375 4100 416 4164 de
436 4123 498 4187 qua
523 4111 742 4178 emendatione
763 4119 819 4178 vix
834 4127 1002 4210 quisquam
1017 4136 1146 4206 dubita-

62 4191 190 4281 bit,·qui
210 4205 382 4269 stadiorum
406 4219 439 4270 et
466 4232 622 4294 passuum
644 4227 909 4302 comparationem
930 4245 1030 4306 semel
1052 4246 1149 4310 insti-
1262 4281 1273 4298 ·

62 4305 166 4370 tuerit:
187 4327 258 4374 nam
281 4327 314 4376 et
334 4319 502 4395 paullulum
525 4333 643 4388 tantum
666 4331 861 4402 immutatum
883 4356 944 4427 est,
982 4362 1014 4413 et
1035 4339 1152 4418 rauma-

823 4455 846 4522 2
