2778 4802
656 343 861 408 ..70-

208 527 333 594 indicis
386 528 437 592 llo
463 528 580 592 ceteris
612 527 708 594 rebus
735 548 776 593 oe
803 530 970 594 levissima
996 527 1121 612 quidem
1145 530 1308 595 iuvenitur

172 647 176 654 “
208 661 323 721 causa,
362 660 419 708 cnr
447 639 692 723 Megasthencrn
728 649 825 721 putes
860 661 902 702 err
935 641 1049 704 Caesia
1086 641 1204 722 aliquid
1244 662 1308 704 ex·

209 751 399 833 scripsisse,
427 757 458 812 et
480 751 511 810 irr
533 749 621 812 ludis
643 748 825 813 auctoribus
847 747 1014 810 laudandis
1035 767 1110 813 esse
1129 752 1307 815 mentitum.
1378 825 1379 838 χ

292 858 442 935 Levium,
470 875 528 938 per
555 873 638 938 quos
666 856 778 936 lapsus
802 859 878 936 est,
909 871 1048 916 errorum
1076 855 1128 917 alii
1151 855 1309 918 eiusmodi
1378 853 1379 948 ]

207 976 294 1046 sunt,
316 967 428 1052 quales
450 966 650 1029 observaturi
671 966 746 1027 licet
758 963 1001 1044 diligentissimo
1017 963 1146 1026 evenire
1161 973 1310 1044 possunt,

210 1096 263 1143 ex.
285 1095 313 1138 c.
340 1076 424 1157 qnod
445 1073 605 1156 Vipiqarn
631 1072 663 1134 iu
689 1071 838 1133 lrdvatirn
871 1069 990 1132 effundi
1018 1089 1183 1151 perperam
1213 1071 1308 1151 dixit;

209 1185 261 1248 alii
284 1205 327 1248 ex
342 1183 460 1248 Indicis
482 1183 617 1246 vocibus
638 1202 699 1244 non
721 1190 809 1242 recte
830 1179 1000 1242 intellectis
1013 1179 1133 1246 exorti:
1155 1199 1308 1262 quoper-
1378 1243 1379 1274 ,

208 1294 298 1374 tinet,
322 1291 406 1374 quod
427 1291 612 1372 contendit,
635 1289 718 1372 apud
740 1288 836 1352 ludos
860 1308 922 1352 rrorr
945 1289 1084 1368 scriptas
1106 1305 1179 1350 esse
1201 1289 1309 1370 leges,

208 1402 269 1466 s‘ed
291 1421 333 1470 ex
355 1400 508 1470 memoria
528 1398 691 1465 diiudicari
710 1397 822 1459 omnia.
864 1396 1040 1458 Praeterea
1061 1406 1179 1475 narrat,
1201 1397 1308 1459 Brah-

209 1511 312 1614 manis
334 1510 400 1594 eis,
426 1511 478 1594 qni
509 1519 559 1572 ter
577 1509 620 1570 in
648 1505 875 1568 constituendo
893 1489 1074 1574 calendario
1096 1505 1307 1587 erravissent,

214 1632 271 1694 per
306 1623 404 1679 totam
439 1619 539 1677 vitam
577 1614 777 1679 silentium
769 1615 926 1697 imperari.
981 1615 1102 1694 Quarti
1109 1616 1306 1682 seutentiam

210 1722 348 1784 nondum
372 1721 556 1804 expeditam
575 1725 619 1782 ita
641 1721 886 1802 explicaverim,
914 1729 947 1782 ut
978 1721 1063 1799 illum
1086 1729 1226 1786 statuam
1247 1724 1306 1784 ln·
1378 1729 1379 1794 l

208 1829 310 1893 dinam
333 1847 447 1892 vocem
470 1831 603 1890 rnrirrrrr'rr
625 1829 797 1906 audivisse,
819 1848 999 1912 quaquam
1023 1831 1306 1914 taciturnus,.tum

209 1943 390 2020 quicunque
411 1946 523 2002 asceta
545 1935 755 2022 significatur.
779 2006 783 2015 Ι
804 1938 869 2001 Alii
896 1936 1032 2020 denique
1060 1959 1186 2012 errores
1210 1943 1252 2004 in.
1269 1959 1307 2005 cn

208 2055 281 2112 suut
308 2046 420 2128 positi,
452 2045 537 2129 quod
566 2064 619 2106 res
641 2045 767 2108 indicas
796 2065 838 2109 ex
862 2043 990 2108 Graeca
1020 2048 1167 2128 opinione
1195 2053 1307 2111 oonsi-

206 2155 357 2239 deravit,
382 2173 444 2237 quo
477 2156 692 2235 factumest,
714 2165 762 2227 ¹ut
781 2157 881 2234 tribus
904 2177 964 2220 nou
986 2168 1076 2236 recte
1097 2169 1309 2237 enumeraret,

209 2277 242 2330 et
265 2275 298 2330 ut
314 2266 397 2335 :deos
418 2263 565 2362 indorum
588 2274 622 2326 et
641 2266 720 2338 alias
742 2284 794 2332 res
815 2285 981 2347 perperam
1004 2269 1276 2350 interpretaretur.

288 2373 502 2472 Nihilominus
515 2374 740 2453 Megasthenis
759 2373 849 2454 liber,
873 2383 1025 2456 quantum
1047 2385 1099 2440 cst
1120 2395 1192 2458 pars
1213 2379 1306 2441 litte·-
1378 2349 1379 2400 ἶ

207 2503 313 2574 rarum
337 2480 535 2580 tirannorum
558 2491 591 2544 et
606 2479 755 2552 Graecae
770 2482 1001 2574 Romanaeque
1015 2477 1186 2564 doctrinae,
1209 2486 1305 2565 quasi
1378 2487 1379 2510 ¹

207 2594 368 2676 fastigium
387 2602 445 2666 fest
464 2593 744 2672 scientiae,·quam
765 2591 805 2654 de
822 2582 1213 2688 ludia-,veteresunqoam¹
1229 2609 1305 2654 con-
1378 2543 1379 2594 ¹

208 2707 316 2766 secuti
340 2711 423 2768 sunt.
452 2703 560 2764 -Narn
581 2706 657 2767 ,etsi
686 2701 909 2786 geographica
937 2699 1139 2778 ¹Graecorum
1165 2703 1307 2768 «scientia

209 2819 322 2892 postea
352 2810 481 2873 demum.
507 2809 651 2888 perfecta
681 2815 747 2883 est,
787 2819 893 2872 tamen
922 2808 1052 2876 Indiae·
1069 2811 1218 2894 cognitio,
1242 2813 1304 2877 iam

181 2933 183 2938 ’
206 2893 444 3002 Megasthene
464 2917 551 2977 libris
580 2916 621 2978 ad
652 2933 806 2978 summam
829 2897 1058 2996 perfectionem
1080 2920 1127 2982 ita
1145 2925 1307 3000 pervenit,

208 3035 243 3089 ut
265 3027 317 3107 qni
338 3033 452 3106 postea
474 3023 513 3086 de
536 3024 625 3088 India
647 3027 855 3108 seripserunt,
878 3027 917 3090 ad
939 3035 1109 3096 veritatem
1125 3041 1214 3116 tanto
1230 3053 1307 3114 pro-

208 3139 281 3216 pius
309 3133 483 3216 accedant,
514 3144 632 3217 quanto
654 3138 836 3204 accuratius
859 3139 1083 3221 Megasthenis
1113 3141 1224 3204 ludica
1250 3161 1309 3202 se-

210 3253 355 3323 quantur.
397 3244 515 3325 Neque
537 3262 593 3323 per
614 3262 691 3306 sese
713 3252 847 3321 tanturn,
867 3245 1038 3312 sedetiam
1061 3247 1155 3314 aliam
1178 3251 1304 3315 obrem

212 3349 446 3431 Megasthenes
475 3352 605 3413 multum
640 3352 745 3432 valet,
780 3371 852 3417 nana
883 3371 980 3433 quum
1008 3373 1155 3436 maguam
1185 3368 1306 3436 partem

209 3458 420 3522 narrationum
444 3460 497 3521 alii
509 3461 682 3541 scriptores
703 3479 745 3522 ex
767 3459 821 3524 illo
841 3462 1023 3538 hauserint,
1036 3463 1066 3524 in
1081 3472 1178 3529 totam
1197 3463 1308 3528 Grae·

207 3585 321 3632 corana
342 3574 376 3630 et
399 3567 613 3633 Romanorum
638 3571 806 3634 scientiam
829 3587 977 3652 magnam
1000 3572 1064 3634 viru
1085 3571 1206 3635 habuit.

278 3678 425 3742 'Praeter
462 3677 564 3758 hano,
597 3695 690 3758 quam
722 3678 752 3740 in
781 3677 894 3740 litteris
922 3677 1059 3743 Graecis
1088 3663 1197 3744 Indica
1227 3681 1307 3744 Me-

206 3789 376 3873 gastheois
398 3786 793 3860 obtinent-auctoritatem,
816 3787 965 3869 reliquiae
986 3787 1070 3858 aliud
1084 3804 1214 3868 quoque
1228 3807 1309 3868 pre-

208 3896 285 3958 tium
313 3895 450 3976 habent,
480 3912 572 3976 quum
600 3892 681 3955 inter
702 3894 807 3957 fontes
829 3893 960 3958 Indicae
980 3895 1179 3976 antiquitatis
1201 3896 1306 3957 locum

208 4021 272 4064 nnn
293 4002 432 4066 ultimum
456 4007 592 4063 teneant.
635 4000 720 4062 Nam
743 4001 828 4061 sicut
847 4017 932 4062 nuno
954 4008 1005 4062 est
1025 3999 1135 4064 indiae
1155 4001 1308 4082 antiquae
1378 4015 1379 4080 j

209 4109 345 4172 seientia
374 4117 498 4184 nostre,
529 4108 611 4171 iliius
633 4106 770 4170 narratio
793 4110 854 4170 etsi
875 4107 1014 4189 suppleri
1043 4117 1077 4172 et
1105 4110 1220 4192 corrigi
1242 4127 1307 4172 non
1378 4099 1379 4108 ’

210 4239 281 4290 raro
302 4226 419 4302 potest,
442 4226 547 4282 tamen
569 4221 640 4282 aliis
661 4219 741 4280 locis
763 4218 929 4282 scientiam
945 4227 1084 4284 nostram
1101 4219 1228 4285 aliunde
1250 4239 1312 4282 rra-s

210 4327 340 4408 petitam
363 4334 470 4408 auget.
517 4327 747 4391 Verumtamen
777 4328 1014 4394 concedendum
1042 4333 1189 4414 est„,id,
1219 4331 1308 4412 qnod
