2778 4802
651 308 911 377 -cd-'

213 517 288 564 cere
310 500 506 571 soleantitt:
541 499 619 560 inter
646 514 728 579 quos
751 495 921 578 praecipite
943 496 1074 562 Ctesias
1100 502 1164 562 ista
1193 519 1250 564 res
1276 501 1326 564 in-

212 607 339 672 iamiam
363 620 396 669 ct
418 607 492 669 lidci
513 605 728 687 suspicionem
752 607 862 668 movit.
901 608 1051 672 Attamen
1074 609 1201 672 minime
1223 631 1326 672 men·

214 717 290 780 titus
304 721 337 779 in
359 715 421 777 line
441 713 574 776 ludicen
595 711 682 791 (33.)
704 700 813 773 notio?
830 707 868 774 δὲ
887 699 1020 790 τούτων,
1032 715 1140 798 inquit,
1162 711 1216 778 καὶ
1229 705 1324 778 ἄλλα

210 811 470 905 θαυμασιώτερα
490 816 702 904 παραλιπεῖν,
724 807 780 880 doci
801 808 841 882 cd
861 807 907 902 μή
930 805 1027 896 δόξαι
1056 821 1128 894 τοῖς
1146 811 1192 906 μή
1212 820 1324 886 ταῦτα
1381 895 1382 898 ¹

213 921 434 1007 θεασαμένοις
453 915 579 988 duroto
598 911 811 1008 συγγράφεινι
834 943 907 988 nam
929 926 1047 990 multas
1062 929 1144 994 elias
1163 949 1215 992 res
1230 949 1324 1014 gen-

215 1044 333 1117 tesque
354 1034 521 1096 fabulosas
541 1030 742 1111 perscribere
763 1039 898 1112 poterat,
923 1052 974 1099 ex.
996 1035 1178 1098 chomincs
1198 1041 1321 1120 capiti-

211 1143 273 1206 bus
294 1141 421 1226 tigrinis
435 1125 738 1222 [ojdy‘r·arorte‘rir),
760 1138 839 1200 alios
860 1138 1009 1221 anguinis
1030 1143 1208 1206 cervicibus
1216 1140 1320 1228 (ejd-

213 1245 389 1334 lapsioris),
412 1247 492 1309 alios
510 1245 669 1327 capitibus
687 1246 811 1327 equinis
822 1245 986 1327 praeditos
1000 1252 1315 1328 (toranpooadarrds,

212 1344 438 1432 apoomuo‘rte),
458 1356 539 1418 alios
560 1353 747 1437 cynopodes
763 1349 981 1437 (aeripedis),
993 1355 1074 1418 alios
1091 1355 1317 1438 quadrupedes

211 1449 485 1549 [lr'otoe‘padris),
511 1465 591 1528 aiios
614 1465 766 1527 trioculos
802 1458 1003 1547 (trimetris)
1013 1508 1026 1540 ,
1059 1463 1200 1546 aliosque
1230 1485 1314 1530 sex·
1381 1553 1382 1558 ἵ

211 1581 335 1638 centos.
766 1587 768 1592 ·
1381 1567 1382 1586 ἶ

291 1680 410 1758 Neque
431 1678 481 1740 bis
503 1676 620 1740 labnlis
641 1694 680 1738 se
701 1677 889 1739 subtrahere
902 1678 1078 1744 Alexandri
1093 1681 1228 1744 comites
1249 1625 1312 1764 pio-

210 1793 325 1866 terant,
348 1802 479 1866 quorum
504 1784 561 1845 vix
582 1783 664 1846 ullus
685 1783 726 1846 de
748 1783 812 1846 lide
833 1803 941 1847 earum
964 1786 1129 1850 dubitavit.
1161 1790 1313 1870 Plerum-

209 1911 273 1976 que
295 1893 376 1953 enim
399 1887 598 1954 Brahmanae
619 1899 769 1954 auctores
792 1890 840 1953 eis
863 1890 1000 1972 luerunt,
1029 1912 1165 1974 quorum
1188 1896 1310 1960 doctri-

208 2017 281 2064 nam
305 2005 339 2060 et
359 1998 549 2079 sapientiam
572 1997 698 2059 omnino
721 1997 860 2059 maxime
880 2000 1084 2067 verebantur.
1133 2002 1218 2080 Quid
1246 2005 1312 2086 igi-

208 2113 342 2189 tur'est,
363 2105 450 2189 qnod
471 2106 639 2186 miremur,
666 2104 913 2185 Megasthenem
943 2125 1070 2188 qnoque
1099 2119 1174 2190 post
1204 2119 1252 2174 tot
1280 2124 1313 2176 ct

207 2221 296 2277 tante
319 2215 467 2293 exempla
488 2213 557 2274 illas
579 2212 706 2274 tabulas
729 2211 946 2278 tractavisset
989 2217 1126 2300 [regitur
1142 2221 1212 2284 elus
1234 2240 1310 2286 aar·

206 2321 287 2381 ratio
308 2317 393 2399 apud
415 2318 609 2384 Strabonem
630 2319 704 2402 rii,
728 2321 861 2386 Plinium
894 2324 925 2386 h.
953 2345 983 2391 n.
1016 2325 1089 2392 Vll.
1119 2329 1149 2392 2.
1173 2329 1309 2412 ii-ea,

206 2425 349 2488 Soliuum
372 2425 479 2499 52⁵³]
1380 2451 1381 2456 ¹

212 2607 419 2622 ..-..-
1380 2551 1381 2634 l

205 2696 259 2764 52)
277 2699 414 2750 consueta
430 2702 588 2765 Aethiopiae
606 2709 633 2754 et
651 2706 740 2756 indiae
758 2709 894 2774 conlusio,
912 2713 943 2760 de
962 2719 1117 2775 quaannot.
1137 2714 1166 2767 1.
1182 2714 1308 2779 diximus,
1380 2731 1381 2748 ³

273 2793 381 2844 videtur
398 2807 454 2845 non
470 2798 551 2846 modo
568 2797 643 2847 intra
659 2799 727 2848 lines
745 2801 900 2852 fabularum
917 2818 947 2853 se
957 2806 1138 2872 continuisse,
1161 2808 1210 2856 sed
1228 2807 1307 2856 etiam

273 2883 360 2946 ipsam
378 2885 502 2948 attigisse
518 2887 669 2938 historiam.
705 2891 788 2941 Omne
806 2891 892 2956 lgltur
909 2908 995 2959 genus
1017 2897 1153 2950 cantionis
1175 2897 1307 2974 adhiben-

213 3001 217 3010 ι
277 2978 340 3028 dum
357 2977 466 3028 vldetur
482 2979 512 3030 in
528 2981 714 3032 examinandis
732 2983 781 3048 eis,
799 2979 916 3048 qnae'de
941 2988 1022 3038 hellis
1039 2989 1068 3038 ln
1090 2987 1239 3052 Aethiopas
1264 2991 1308 3039 ta·

274 3074 327 3124 ctis
354 3075 510 3127 traduntur.
549 3077 601 3128 lix.
625 3090 650 3128 o.
668 3079 803 3133 diodorus
829 3081 943 3148 11.14.,
971 3083 1017 3147 qui
1043 3083 1162 3134 Ctesiam
1182 3084 1309 3147 sequitur

272 3170 421 3233 auctorem,
449 3168 649 3223 'emiramidem
667 3173 752 3222 refert
768 3172 952 3239 Aethiopiam
969 3177 1018 3228 sibi
1035 3177 1197 3242 subegisse,
1224 3177 1310 3242 ibique

269 3255 372 3305 fontem
389 3257 526 3308 invenisse
544 3261 709 3330 fabulosum,
727 3277 804 3326 quern
821 3265 914 3316 iisdem
931 3268 987 3318 tere
1005 3268 1097 3318 verbis
1115 3269 1244 3319 inludia
1262 3282 1309 3317 re-

271 3346 354 3405 periri
372 3353 468 3398 narrat
486 3349 590 3401 Ctesias
608 3351 682 3410 (ind.
701 3353 745 3403 14.
764 3355 802 3404 cf.
819 3356 897 3408 nair.
923 3371 949 3420 p.
968 3355 1067 3424 doit),
1091 3363 1117 3408 et
1139 3359 1222 3408 rebus
1245 3359 1309 3422 qui·

209 3429 211 3436 '
268 3435 381 3486 busdam
398 3441 564 3503 Aethiopicis
581 3443 722 3508 expositis,
750 3448 873 3510 protinus
890 3449 1028 3500 lilodorns
1046 3452 1081 3500 ad
1097 3449 1236 3500 Indicam
1255 3452 1309 3526 βι-

269 3525 416 3579 mirsmtdis
434 3535 630 3595 expeditionem
647 3541 825 3590 enarrandam
842 3541 951 3592 transit.
984 3543 1086 3593 Eodem
1110 3543 1190 3592 ruodo
1217 3543 1310 3592 liero-

270 3623 351 3673 dotus
368 3624 416 3690 111,
432 3626 496 3691 28„
519 3641 572 3690 qno
589 3633 654 3682 loco
673 3633 817 3695 cambysis
834 3635 955 3699 explicat
971 3637 1170 3701 expeditionem
1202 3637 1232 3686 in
1250 3636 1309 3688 Αε-

268 3715 385 3779 triopae
402 3717 570 3770 Macrobioe
588 3723 708 3788 factam,
735 3737 796 3775 eum
814 3728 898 3778 tradit
915 3729 1018 3780 fontem
1034 3731 1168 3792 quendam
1192 3729 1306 3780 fabulo-
1379 3753 1380 3780 t

268 3822 329 3860 sum
346 3811 496 3885 invenisse,
514 3824 592 3878 quem
609 3815 719 3866 eundem
737 3831 797 3866 esse
820 3819 942 3870 videmus
964 3825 1045 3886 atque
1070 3821 1170 3891 ciram
1191 3820 1307 3870 fluvium
1379 3787 1380 3842 i

269 3901 314 3949 vel
333 3902 434 3951 fontem
451 3901 598 3968 Indicum,
616 3917 634 3953 a
651 3905 743 3957 Ctesia
760 3905 816 3972 (ap.
833 3909 914 3961 Bithr.
930 3925 958 3976 p.
976 3910 1057 3977 369.)
1084 3918 1110 3962 et
1126 3912 1307 3976 Megasthene

268 3988 317 4054 (cr.
338 4005 363 4052 p.
383 3991 440 4056 ³7.)
459 3998 702 4048 commemoratum.

200 4080 251 4136 58)
271 4079 312 4130 Cf.
340 4081 430 4131 strab.
453 4081 498 4133 43.
523 4084 574 4151 70,
598 4085 725 4138 Philostr.
746 4103 774 4140 r.
791 4090 885 4153 Apoll.
910 4091 958 4145 111.
975 4091 1022 4157 4⁷,
1045 4091 1141 4145 'l'zetm
1159 4089 1224 4141 chil.
1242 4091 1306 4142 Vll.

268 4173 424 4240 629—t68,
450 4177 522 4228 ticli.
547 4181 593 4231 lx.
616 4181 644 4247 4,
667 4181 765 4234 isidor.
787 4183 858 4247 orig.
885 4183 929 4233 Xl.
953 4185 981 4246 o,
1007 4181 1154 4246 augustin.
1180 4180 1234 4230 civ.
1262 4181 1305 4230 dei

199 4287 203 4294 ·
265 4264 338 4314 xt'l.
356 4266 383 4314 8.
418 4267 596 4322 decentiores
622 4272 788 4338 scriptores,
812 4272 858 4336 qul
884 4275 933 4323 has
959 4283 1006 4324 res
1026 4273 1166 4336 explicare
1187 4274 1306 4324 studue-
