2822 4786
509 310 714 374 ...ss-

149 480 269 554 Deinde
298 490 456 573 quomodo
491 508 624 575 reguum
653 480 851 575 Prdlr'jarum
882 493 1167 576 administraretur,

74 600 159 682 longo
185 607 218 661 et
245 598 414 683 diligenter
436 600 595 682 exposuit.
619 599 670 666 cf.
696 603 803 666 Strab.
824 603 1004 670 707-709.
1047 603 1165 687 Neque

74 713 240 768 eateramrn
263 708 403 790 gentium
426 708 645 790 respublicas
667 727 738 772 enm
756 710 953 793 neglexisse,
975 709 1098 773 Plinius
1114 719 1167 774 est

74 820 194 895 auctor,
228 813 408 879 ailirmansr
457 815 687 894 Meprstlreaee
714 823 745 877 et
773 819 952 896 Dionysius
979 850 999 866 ·
1028 851 1048 866 -
1082 823 1168 881 eires

74 941 188 1002 quoque
213 927 356 999 pendam
382 925 560 1002 prodidere.
590 922 620 984 b.
643 941 672 983 n.
696 921 754 988 Vl.
777 922 880 987 dib
931 922 999 986 Sed
1028 923 1166 990 Graecis

73 1029 262 1110 geographis
285 1029 367 1092 istae
388 1048 442 1092 res
465 1037 531 1093 tam
552 1039 695 1095 remotae
718 1039 751 1093 et
773 1032 812 1093 ab
836 1049 899 1094 usu
923 1033 1079 1096 eommuni
1101 1040 1166 1096 tem

73 1135 187 1197 alienae
209 1134 414 1220 videbantur,
445 1145 480 1199 nt
511 1135 595 1200 hano
620 1146 744 1218 portem
765 1142 923 1220 integram
945 1140 1167 1222 relinquerent.

75 1239 137 1320 Quo
159 1242 283 1306 laetum
304 1251 367 1324 est,
390 1252 425 1306 ut
446 1243 603 1308 duntaxat
625 1265 707 1310 uuus
729 1245 821 1310 loeus
837 1245 878 1308 de
892 1246 1003 1308 haere
1016 1247 1167 1328 supersit,

74 1366 159 1430 quam
193 1350 349 1412 Arrianus
375 1349 480 1413 attulit
509 1351 575 1414 lud.
597 1351 626 1414 ἃ
647 1353 676 1414 7.
708 1352 749 1415 oi.
771 1351 852 1417 Plin.
875 1353 905 1414 b.
928 1373 958 1418 n.
980 1353 1040 1418 Vl.
1062 1352 1114 1420 aa.
1135 1355 1166 1419 6.

73 1455 247 1518 Pandarum
269 1456 311 1519 ibi
332 1457 444 1539 copiae
466 1466 701 1521 enumerantur.
744 1458 866 1521 Plinius
887 1467 995 1522 antem
1016 1460 1165 1545 plurima,

73 1583 146 1647 quae
166 1566 350 1629 huiusmodi
373 1569 527 1648 narravit,
546 1568 753 1651 Megastheni
774 1568 903 1631 videtur
925 1569 1051 1636 debere.

71 1703 74 1710 ·
146 1675 201 1737 De
222 1673 340 1738 lndlois
361 1674 431 1736 deis
453 1693 546 1736 nemo
569 1683 646 1736 unte
668 1674 885 1738 Alexandrum
917 1675 1004 1743 dixit.
1049 1677 1168 1740 blane·

75 1778 166 1844 dones
194 1799 290 1862 quum
313 1781 344 1843 in
366 1780 487 1844 Indiam
510 1780 648 1863 proieoti
674 1792 801 1860 essent,
831 1801 896 1866 quo
924 1783 1018 1847 ruodo
1052 1785 1168 1866 ubique

76 1884 188 1954 Graeoi
211 1893 330 1976 solent,
364 1889 490 1954 indicos
520 1890 600 1954 deos
628 1889 760 1954 eosdem
790 1909 865 1954 esse
894 1899 993 1974 atque
1022 1890 1170 1956 Graecos

76 1995 303 2058 existimabant.
347 1993 453 2088 §ivae
475 1995 563 2058 eultu
585 1993 740 2059 effrenato
762 2004 795 2059 et
817 1997 908 2079 quasi
930 1997 1103 2080 bacehioo,
1137 2007 1171 2060 et

75 2100 131 2164 levi
150 2105 292 2186 quadam
314 2104 516 2168 similitudine
538 2123 654 2187 rerum,
678 2123 761 2186 quae
781 2105 908 2188 utrique
927 2103 987 2168 deo
1010 2115 1100 2168 erant
1116 2113 1171 2168 at·

74 2208 218 2290 tributae,
240 2218 273 2272 et
291 2214 465 2292 nominum,
486 2227 571 2293 quae
593 2208 634 2272 ad
656 2209 827 2291 mythicam
851 2211 984 2273 deornm
1007 2211 1171 2274 lletionem

76 2320 282 2401 pertinebant,
305 2319 527 2399 movebantur,
556 2326 592 2380 ut
615 2316 732 2409 (piram
756 2337 817 2382 non
847 2320 942 2382 alium
969 2329 1067 2403 atque
1089 2321 1172 2384 Dio·

77 2443 187 2506 nysum
221 2447 296 2491 esse
340 2430 574 2494 arbitrarentur.
628 2429 762 2510 Neque,
801 2438 970 2512 postquam
1002 2426 1173 2510 Euripides

76 2533 249 2619 ilionysum
279 2539 433 2600 orientem
461 2553 654 2618 peragrasse
676 2536 886 2619 eonlinxerat,
916 2535 1085 2618 quidquem
1107 2543 1173 2599 tem

78 2642 167 2709 laoile
190 2655 274 2727 erat,
311 2666 405 2730 quarn
439 2645 534 2708 deum
563 2644 751 2707 luxuriantis
774 2641 981 2706 ieounditatis
1011 2645 1107 2705 etiam
1140 2645 1174 2704 in

79 2751 194 2816 indiam
216 2754 406 2816 uberrimam
430 2754 608 2835 profectum
634 2751 765 2834 opinari.
816 2750 920 2829 Quam
950 2758 985 2814 ut
1013 2751 1175 2814 firmarent

81 2860 266 2940 opinionem,
296 2861 454 2924 nominum
479 2860 544 2923 levi
567 2865 599 2922 et
621 2857 752 2922 fortuita
779 2856 1003 2921 convenientia
1032 2860 1168 2922 uteban-

78 2974 129 3029 tur.
175 2971 225 3032 lta
245 2970 345 3030 Mera
366 2986 459 3030 mons
482 2966 654 3054 uestigium
680 2964 852 3028 videbatur
873 2963 925 3026 dei
946 2958 983 3026 ἐκ
1002 2953 1084 3037 Arde
1103 2952 1175 3046 μή-

79 3092 144 3154 qov
161 3074 256 3155 parti,
278 3073 323 3135 ita
339 3073 508 3134 Xudrauas
520 3072 655 3152 Dionysi
667 3071 787 3153 prolem
806 3072 971 3152 putabant,
985 3075 1059 3153 quia
1079 3071 1178 3132 vitem

78 3181 114 3244 lbi
145 3179 256 3262 nasei,
284 3196 444 3261 regesque
474 3186 680 3260 sumptuosas
717 3195 853 3257 pompas
885 3178 1051 3240 instituere
1080 3175 1177 3238 vide·

79 3287 219 3357 bant40).
262 3287 381 3371 Neque
412 3286 514 3349 minus
542 3285 655 3348 leviter
686 3272 873 3374 Cris‘n'em,
902 3286 1037 3348 alterum
1067 3285 1175 3366 deum,

80 3417 169 3480 quem
195 3399 312 3462 cultum
336 3395 499 3471 videbant,
517 3393 690 3458 Herculem
712 3411 786 3457 esse
807 3393 1114 3476 interpretabantur,
1144 3402 1178 3456 et

83 3508 258 3589 ubieunque
277 3507 362 3570 sieut
383 3503 703 3597 operculumque}
725 3505 824 3584 pelles
848 3503 967 3566 ferinas
988 3505 1041 3566 vel
1062 3505 1175 3568 elevas

81 3616 129 3677 vel
149 3615 266 3678 similia
287 3613 536 3697 oonspioiebant,
548 3614 718 3676 Heroulem
740 3611 908 3697 aliquando
927 3621 1081 3676 moratum
1102 3630 1178 3674 esse

85 3721 300 3802 opinabantur.

162 3831 247 3894 Sunt
267 3823 320 3911 q'ni
343 3825 462 3910 dicant,
484 3823 613 3888 fabulae
634 3831 787 3887 auctores
810 3836 937 3907 praeter
968 3825 1073 3902 ipsum
1096 3822 1180 3884 Ale·

84 3939 236 4004 xandrum
257 3956 314 4001 eos
337 3937 451 4018 fuisse,
473 3933 526 4018 qui
548 3929 731 3995 Alexandro
755 3931 890 4015 proximi
911 3929 1035 3992 fuerint.
1079 3931 1124 3993 lit
1145 3936 1178 3996 in

87 4057 143 4119 bae
164 4074 199 4116 re
221 4044 283 4115 uon
305 4051 376 4112 soie
398 4047 551 4132 originem
573 4063 644 4108 earn
667 4044 795 4118 babere,
825 4039 885 4102 sed
906 4039 1043 4104 maxime
1070 4042 1102 4106 in
1130 4043 1181 4104 in-

85 4213 130 4278 tu)
148 4217 240 4266 strab.
253 4214 319 4266 687.
337 4213 400 4266 701.

84 4304 131 4364 tl)
150 4309 241 4358 strab·
261 4309 325 4358 688.
