2778 4802
677 308 902 382 ..θεῷ

217 517 306 579 ortuo
329 513 449 586 esseut·
471 515 528 568 aut
547 504 675 570 ludione
696 521 801 569 murae
824 513 858 566 et
877 504 1207 586 praee'psatriluum
1222 509 1324 572 insti-

215 621 371 683 tutionem
395 633 455 677 noo
478 611 559 674 satis
577 618 808 692 sequerentur,
837 627 1012 678 commuue.
1034 611 1183 678 ludorum
1211 616 1325 682 odium

215 727 260 788 ita
280 727 506 802 sumperunt,
534 728 572 780 ut
599 717 711 780 eodem
741 720 810 780 loeo
839 737 910 782 eum
940 718 1084 786 barbada
1110 721 1320 800 haberentur,

216 840 250 897 el
270 830 468 900 adsimilem
491 825 723 890 deformitatem
747 827 1017 896 deseriterontur.
1069 833 1120 896 lta
1153 836 1185 896 in
1215 834 1323 914 epicis

216 939 406 1002 cirminibus
420 936 549 1006 indiam
570 943 669 998 totam
694 937 932 1002 Breltmauieara
960 957 981 1000 a
1000 941 1156 1020 gentibus
1175 943 1321 1006 meum·

157 1121 160 1131 L
216 1061 344 1112 cessam
367 1045 513 1113 videmus
533 1063 594 1106 nou
617 1045 701 1106 veris
723 1043 844 1106 sedeo
868 1044 962 1108 modo
983 1047 1080 1130 lintis,
1101 1056 1138 1110 ut
1158 1049 1320 1113 interdum

215 1153 343 1216 fabulae
365 1169 466 1216 eausa
486 1151 624 1233 perspiei
645 1153 706 1216 iam
728 1171 790 1214 nou
814 1152 925 1233 pessit.

219 1327 222 1331 ,
297 1262 434 1326 Formae
457 1261 557 1325 multe
574 1260 680 1344 magis
701 1261 801 1324 miras
820 1261 979 1339 invenies,
999 1261 1029 1324 si
1049 1259 1130 1324 deos
1148 1260 1319 1346 ludorum,

216 1367 413 1450 deorumque
436 1368 611 1430 comitatus
631 1367 828 1448 respexerist
849 1368 931 1430 inter
953 1383 1037 1448 quos
1056 1369 1313 1448 praeriperetu-

214 1478 310 1540 oriroe
338 1486 371 1538 et
401 1478 583 1555 Grirtiotjoe
613 1481 787 1542 comitatus
821 1477 877 1540 tali
913 1473 1010 1540 modo
1037 1473 1224 1544 desmilitur
1249 1475 1315 1552 (ol.

217 1575 357 1652 stehtb‘.
373 1587 429 1649 tx.
450 1585 543 1650 tots.
567 1588 664 1666 seq.)
678 1596 715 1648 nt
734 1585 809 1650 nihil
829 1584 910 1666 lere,
930 1583 1015 1665 quod
1037 1584 1175 1650 hustena
1195 1587 1317 1667 imagi-

216 1696 344 1760 nttiose
361 1695 436 1776 fingi
457 1695 571 1776 possit,
595 1695 747 1756 emissum
771 1692 929 1756 videatur.
972 1692 1068 1772 Quos
1085 1693 1318 1758 mmooludio

216 1804 342 1886 populis
365 1803 518 1866 fabulosis
531 1802 593 1864 iarn
613 1801 693 1864 satis
705 1800 894 1882 disiungunt:
912 1804 1035 1882 quippe
1055 1820 1140 1883 quos
1163 1805 1317 1884 usquein

216 1909 293 1970 orbe
314 1916 469 1971 terrarum
493 1905 604 1970 ludina
629 1907 784 1986 habitare,
811 1925 917 1988 neque
944 1907 1081 1972 humane
1109 1926 1187 1972 eum
1217 1917 1317 1992 gente

217 2031 435 2080 eoasaeseero
457 2014 603 2078 eredunt.
646 2015 738 2093 Quos
759 2015 854 2098 ig'dur
876 2012 1089 2080 (droselam
1110 2018 1239 2098 populis
1259 2018 1318 2082 ln·

217 2125 291 2190 diae
311 2146 374 2190 nou
394 2135 542 2206 poterant
564 2123 769 2188 confondere.
1104 2198 1110 2208 .

221 2285 225 2292 .
301 2235 462 2305 confundi
485 2242 591 2298 autern
614 2234 739 2296 facilius
762 2241 917 2312 poterant:
936 2233 1047 2314 poptili
1063 2251 1143 2296 erem
1168 2236 1319 2300 animan-

215 2348 302 2411 tibus
325 2347 406 2426 aliis,
428 2348 531 2407 loourn
552 2345 644 2425 quasi
659 2342 796 2404 medium
816 2343 900 2404 iuter
910 2342 1087 2405 daemones
1096 2353 1191 2425 atque
1205 2344 1317 2406 homi·

217 2471 278 2514 nes
296 2451 486 2530 tenentibus,
511 2469 642 2533 quorum
657 2469 814 2514 summam
837 2453 962 2532 appiam
983 2452 1050 2514 ludi
1066 2453 1125 2514 sihi
1144 2453 1318 2514 illexerunt.

216 2561 365 2624 admodo
386 2561 484 2642 edim,
506 2547 650 2637 Piptlr'r'a
671 2561 807 2642 aliisque
827 2559 940 2624 endem
962 2559 1204 2640 atquepopuli's·
1218 2559 1320 2622 toto-

216 2669 295 2731 losis
327 2670 451 2749 propria
484 2687 559 2730 esse
586 2669 745 2748 dirorum,
763 2677 811 2728 et
838 2667 900 2728 lroe
931 2668 1036 2728 tolum
1063 2668 1198 2728 interest
1234 2667 1320 2728 inter

216 2784 384 2856 unusque,
405 2783 442 2836 ut
462 2775 595 2855 eadem,
629 2793 715 2856 puae
731 2775 860 2858 singula
885 2775 1015 2836 attribui
1044 2776 1149 2836 solent
1173 2775 1316 2854 populis,

216 2883 248 2944 in
269 2882 421 2944 llrixaaas
442 2889 476 2942 et
496 2869 649 2961 Pipilr'as
666 2883 764 2947 multa
790 2884 843 2944 val
873 2886 994 2944 euneta
1020 2882 1144 2944 soleant
1171 2880 1318 2944 eonferri.

216 2991 254 3051 ln
275 2987 462 3049 universum
490 2993 556 3048 tam
587 2989 661 3050 leve
692 2995 743 3048 eat
774 2987 854 3050 inter
885 2996 1038 3068 utrosque
1071 2986 1252 3067 discrimen,
1286 2993 1321 3048 ut

217 3097 299 3160 eerti
314 3094 401 3157 :fluas
422 3095 609 3176 terminique
628 3098 711 3157 inter
732 3095 803 3157 illos
819 3097 876 3157 vix
897 3097 1022 3174 possint
1035 3094 1202 3158 mosomi:
1247 3092 1320 3156 ut-

220 3221 324 3268 xasae
351 3204 452 3284 euim,
485 3203 545 3265 etsi
567 3203 762 3269 formidolosi
790 3202 1023 3281 deseribuntun'
1055 3209 1166 3271 ¹tamen
1186 3199 1320 3264 humani

219 3329 297 3374 asse
317 3311 496 3393 ereduntur,
519 3319 551 3373 et
572 3329 668 3392 quum
690 3311 720 3372 in
746 3317 831 3372 terra
861 3309 1018 3384 hahitare,
1042 3317 1110 3373 tum
1137 3307 1168 3370 iu
1199 3307 1318 3390 pugnis

217 3414 368 3478 ludorum
389 3417 556 3498 dimicare,
577 3418 622 3480 ita
635 3424 670 3482 ut
691 3417 789 3480 Indus
810 3418 952 3499 quilibet,
973 3416 1048 3499 quid
1070 3419 1155 3480 inter
1170 3421 1319 3480 palmam

217 3519 371 3582 masao
392 3527 489 3601 atque
508 3521 642 3587 hominis
663 3525 800 3600 intersit,
825 3541 920 3606 aegre
941 3523 1053 3603 possit
1066 3521 1209 3588 delinire.
1251 3521 1320 3582 Vix

215 3629 279 3692 ulla
298 3628 458 3690 inuenitur
477 3645 532 3712 aas
553 3628 697 3692 Rdxesia
725 3631 868 3711 propria,
900 3648 985 3711 quae
1008 3647 1071 3693 uon
1093 3629 1211 3710 populo
1233 3645 1320 3708 quo·

218 3756 281 3818 que
310 3736 402 3800 alieui
431 3735 630 3798 attribuatur.
687 3738 799 3817 itaque
821 3737 947 3804 etamsi
968 3736 1014 3800 de·
1030 3737 1093 3801 illis
1113 3736 1200 3802 ieme
1221 3752 1321 3814 quae-

216 3841 289 3908 dam
311 3842 352 3906 ed
375 3839 522 3908 Graecos
543 3842 746 3920 pervenisset
759 3856 897 3925 *qaae
916 3842 1042 3926 quidem
1063 3859 1118 3904 rea
1139 3841 1240 3906 emtis
1253 3859 1320 3904 uon

216 3959 326 4030 potest
345 3953 472 4031 probari
494 3952 689 4034 argumentis
713 3951 845 4014 -ideo
867 3959 975 4018 tamen
996 3950 1026 4011 in
1049 3949 1319 4030 moributpopu-

216 4056 318 4121 lorum
341 4057 450 4123 indies
472 4061 596 4127 ratione
618 4058 836 4126 descrihendis
856 4060 913 4124 vix
935 4061 1142 4122 erravissent.
1260 4091 1263 4098 ·

300 4159 450 4225 Gentium
470 4165 587 4228 illerum
609 4166 726 4228 famem
745 4170 779 4230 in
807 4164 1007 4230 desidentem
1036 4173 1070 4226 et
1097 4163 1139 4226 ad
1167 4161 1318 4228 (ἰαῦσαι

215 4267 326 4364 ιιιίιῐωΙ
348 4265 536 4332 translatam
568 4287 656 4352 otae,
686 4289 749 4334 nou
777 4278 829 4334 ast
856 4269 940 4349 quod
972 4271 1128 4338 miremur.
1172 4271 1318 4334 rotulae
