2778 4802
642 335 849 399 ,pq..

198 521 312 606 ligore,
329 519 610 586 isboles'essdeur
622 523 675 584 rei
689 522 810 587 similes
825 541 845 587 a
860 521 1008 607 Scyiscis
1022 531 1166 608 ternpore
1181 521 1300 590 iterum

198 637 296 710 etque
321 629 436 694 iterum
463 649 539 695 esse
570 637 739 714 repetitos,
770 641 803 696 et
834 635 988 716 ropertus
1020 653 1040 697 a
1072 637 1302 718 scriptoribus,

200 754 335 818 quornm
358 741 438 802 elius
459 741 554 806 elium
577 741 762 824 ignoratn,
794 749 902 806 temes
921 757 995 804 cnm
1016 741 1191 806 sdmirsbill
1216 741 1304 804 indi-

199 845 294 910 esndi
316 847 449 912 levitate
468 847 614 934 singulus
634 857 784 934 arguunt,
806 851 897 934 qnasi
919 848 1045 914 lnbnlns
1066 851 1137 914 illus
1152 851 1225 932 ipsc
1241 852 1302 914 sibi

200 955 336 1037 quisque
358 956 493 1020 duxerit.
547 959 640 1024 Sicut
660 960 800 1041 inepbrm
822 959 881 1022 init
901 955 1038 1040 opinari,
1070 951 1246 1021 Herculem
1270 969 1304 1022 ot

199 1064 377 1147 Dionysum
391 1067 554 1132 inludiem
565 1065 735 1150 migrasse,
759 1067 802 1130 ita
817 1067 910 1130 etiam
933 1067 1072 1147 ineptum
1091 1067 1150 1128 luit
1171 1077 1304 1151 putare,

202 1179 303 1235 tetum
332 1173 506 1236 Alexandri
538 1175 711 1236 exereitum
748 1182 781 1236 et
808 1171 1055 1258 Meg'sstbenern
1074 1183 1123 1236 -et
1155 1173 1242 1238 ellus
1274 1177 1303 1237 in

201 1301 287 1348 veno
309 1294 487 1349 commento
509 1291 723 1350 consensisse.
770 1285 972 1368 Quapropter
993 1287 1115 1368 utrique
1138 1287 1217 1349 uitio
1239 1307 1302 1350 uon

201 1401 341 1476 meent,
373 1402 407 1456 ot
434 1410 538 1458 rernm
569 1396 746 1460 indicarum
775 1395 948 1476 scriptores
975 1402 1008 1456 et
1030 1393 1144 1458 critici:
1174 1396 1302 1478 utrique

201 1503 284 1566 enlm
306 1507 470 1566 materiem
493 1505 553 1568 sibi
574 1507 835 1578 convenientem,
866 1503 955 1566 elteri
976 1517 1052 1579 res,
1081 1503 1171 1564 elteri
1191 1521 1299 1565 rernru

202 1613 412 1696 narrationes,
432 1629 495 1674 nen
517 1603 598 1675 s'stls
620 1613 891 1674 examinaverunt.

285 1777 379 1858 Quod
401 1798 497 1859 quum
519 1780 562 1844 its
585 1783 644 1862 sit,
675 1780 900 1866 Megasthenis
921 1756 1028 1862 tides,¹
1049 1789 1086 1842 nt
1111 1778 1174 1840 hor.
1201 1777 1297 1842 verbu

202 1894 287 1966 utar,
309 1888 443 1950 relativa
465 1888 496 1948 in
518 1887 745 1952 dubitationem
767 1891 876 1952 veneri
898 1909 960 1952 non
983 1895 1106 1970 putcst3
1129 1888 1246 1950 etenim
1271 1895 1302 1948 et
1376 1902 1377 1970 i

203 1994 288 2078 quud
309 1996 379 2076 ipse
401 1998 480 2062 vidit
500 2008 534 2062 ei
555 1997 638 2082 quud
661 2001 701 2062 ab
723 1999 794 2062 eliis
816 1998 958 2078 audivit,
986 1997 1128 2058 narravit
1146 1993 1188 2056 ad
1211 1999 1302 2056 veri-

202 2111 310 2170 utem.
354 2107 466 2188 ltaque
487 2108 514 2168 si
541 2116 742 2188 spectamus,
774 2125 856 2190 quae
877 2104 959 2169 fides
986 2103 1120 2190 singulis
1142 2105 1302 2166 narratio-
1377 2137 1378 2140 =

201 2214 295 2278 nibus
317 2216 547 2289 secubuerint,
571 2217 632 2280 hoc
644 2218 777 2278 alterum
792 2214 1033 2282 examinandum
1051 2221 1110 2278 est.
1136 2219 1303 2294 quantum,

206 2323 260 2400 qui
280 2331 430 2386 auctores
453 2323 482 2384 ei
504 2322 646 2400 fuerunt,
668 2321 731 2384 lide
753 2322 839 2406 digni
860 2325 935 2385 sint·
979 2320 1046 2384 Sed
1068 2321 1100 2381 in
1122 2320 1182 2381 lmc
1201 2339 1237 2379 re
1258 2338 1303 2380 ne
1377 2351 1378 2356 κ

202 2428 267 2514 ullu
293 2428 419 2508 quidem
441 2429 633 2510 suspicionis
662 2446 763 2492 causa
791 2437 914 2492 exstat:
944 2428 1094 2506 nemeis
1123 2426 1159 2488 de
1187 2425 1297 2506 rebus,

205 2554 286 2618 quas
309 2539 379 2620 ipse
399 2555 461 2600 non
482 2535 573 2612 vidit,
595 2539 714 2600 certior
728 2536 834 2600 iactus
856 2543 906 2600 est
927 2535 1145 2602 aBrahmenis
1165 2535 1224 2607 eis,
1247 2535 1302 2614 qui
1380 2549 1381 2556 ¹

202 2645 397 2726 reipublicae
418 2656 600 2727 praeerunt:
621 2645 663 2709 ad
686 2665 767 2728 quos
790 2647 907 2726 pluries
924 2644 996 2726 ipse
1017 2651 1183 2724 prouocat
1225 2640 1303 2703 ldeo

204 2775 267 2818 nnn
288 2755 383 2818 modu
404 2755 707 2820 administrationem
730 2755 821 2836 regni
836 2754 980 2816 Prusiani
992 2751 1174 2828 describere
1188 2751 1302 2830 potuit,

208 2863 384 2926 sedetiam
407 2873 585 2927 ceterarum
606 2864 748 2945 gentium
772 2863 944 2945 potentiam
968 2862 1197 2942 exercitusque
1220 2877 1303 2920 enu-

205 2988 340 3032 merare.
384 2967 492 3048 Quare
513 2969 617 3031 mirari
637 2987 699 3032 nou
721 2986 915 3052 possumus,
935 2967 1063 3030 ludices
1085 2966 1251 3048 opiniones
1271 2967 1301 3026 in

205 3075 292 3138 libris
316 3073 538 3160 Megasthenis
567 3092 638 3137 enm
670 3093 749 3138 vera
771 3076 996 3138 observatione
1018 3081 1141 3136 etcum
1163 3067 1303 3134 Graecis

205 3185 404 3266 opinionibus
426 3203 503 3246 esse
525 3183 650 3248 mixtas·

294 3350 404 3429 ltaque
426 3350 466 3431 ei,
486 3349 573 3411 sicut
585 3336 757 3411 Alexandri
779 3349 960 3427 comitibus,
985 3367 1046 3412 uon
1066 3355 1175 3431 potest
1196 3345 1303 3427 obiici,

207 3454 292 3536 quud
314 3455 406 3516 nimis
427 3459 523 3518 multa
545 3459 730 3522 narraverit.
776 3459 893 3540 Neque
914 3473 1024 3542 perum
1046 3475 1119 3522 enm
1143 3457 1303 3538 retulisse,

206 3569 317 3625 utres
339 3562 464 3624 indices
487 3563 625 3628 Graecis
646 3567 739 3648 plene
760 3567 967 3647 describeret,
996 3573 1111 3652 capite·
1124 3569 1218 3650 priori
1241 3568 1304 3631 de-

206 3671 464 3734 monstravimus.
520 3669 661 3735 indicem
694 3677 783 3736 enim
808 3679 923 3738 terram
960 3685 994 3740 et
1024 3685 1128 3740 terrae
1157 3663 1305 3758 coelique

206 3789 369 3864 usturam,
400 3780 522 3842 bestias
550 3781 738 3862 plantasque
758 3789 791 3844 st
810 3799 865 3845 res
887 3784 1029 3866 publices
1050 3793 1083 3848 et
1105 3801 1218 3847 sacras
1239 3801 1304 3864 pn-

205 3890 333 3974 puliqne
355 3907 459 3952 mures
481 3898 641 3972 etentes,
671 3889 769 3954 vitam
799 3890 935 3973 deniqne
956 3892 1120 3973 Indorum,
1152 3893 1259 3976 qnslis
1282 3909 1304 3954 a

207 4015 287 4080 rege
309 4000 469 4081 usquead
493 4000 632 4061 ultimum
656 3999 768 4060 tribum
791 3997 894 4084 luerit,
916 4000 1102 4086 descripsit,
1126 4017 1305 4082 omnesque

207 4121 260 4168 res
282 4099 385 4166 enimn
407 4125 486 4168 sane
508 4117 540 4169 et
563 4124 666 4170 venun
696 4109 918 4190 perlustravit,
953 4128 993 4170 ne
1022 4107 1146 4172 levibus
1175 4108 1302 4192 quidem

208 4215 398 4303 exiguisque
426 4216 591 4298 neglectis.
646 4219 683 4284 Si
714 4235 807 4299 quam
838 4227 958 4298 partem
985 4217 1128 4282 relietum
1150 4218 1303 4296 vidimus,

209 4341 312 4404 peuce
341 4330 461 4385 tentum
489 4322 528 4383 de
549 4329 654 4386 sacris
675 4335 708 4386 et
730 4325 798 4388 «lois
821 4326 966 4390 indorum
986 4327 1087 4408 diets,
1112 4325 1160 4390 -de
1187 4327 1304 4389 litteris
