2822 4786
209 454 384 520 Alexandri
405 463 524 538 aetate,
545 475 608 540 qua
629 451 844 543 πολυγραφία
859 457 1016 540 quaedam
1038 469 1071 522 et
1089 453 1306 547 noio'a'ueopla

208 563 240 628 in
261 565 383 628 litteras
405 561 552 629 Graecas
574 583 760 646 permanare
780 566 897 649 coepit,
927 573 960 628 et
983 584 1045 649 qua
1064 567 1152 630 multi
1173 568 1234 630 viri
1254 571 1306 632 in-

208 675 296 754 genii
324 683 357 736 et
386 672 548 736 doctrinae
577 681 727 755 expertes
762 673 859 736 libros
888 671 1004 754 edunt,.
1027 675 1178 738 materies
1207 683 1306 758 atque

211 790 316 849 oratio
338 789 404 849 iam
423 806 486 851 non
507 786 713 868 aequabiliter
734 787 894 848 coluntur:
920 785 1004 868 apud
1027 786 1107 848 alios
1129 785 1210 846 enim
1232 803 1305 848 ma-

206 895 315 956 teriem
339 897 452 975 oratio,
481 893 577 976 apud·
594 894 675 956 elios
706 894 879 956 orationem
902 893 1050 955 materies
1081 899 1223 976 superat,
1257 894 1301 956 ita

206 1009 242 1063 ut
262 998 347 1082 apud
369 1001 440 1063 illos
462 1001 561 1063 oratio
582 998 691 1062 inflata
719 1007 752 1062 et
780 1001 882 1062 inanis
911 999 1100 1080 inveniatur,
1128 998 1213 1082 apud
1240 1001 1301 1064 hos

205 1107 321 1172 exilius
343 1117 376 1170 et
396 1106 595 1172 iniucundius
616 1125 669 1170 res
693 1106 953 1170 consarcinentur
979 1109 1086 1188 potius
1112 1125 1208 1188 quam
1239 1106 1302 1168 de·-
1390 1157 1391 1164 ,

204 1215 389 1278 scribantur.
418 1215 503 1296 Etsi,
526 1223 680 1297 quatenus
700 1217 748 1278 his
770 1217 1003 1299 Megasthenes
1024 1217 1067 1281 sit
1088 1235 1301 1280 annumeran-

206 1321 277 1406 dus,
299 1325 471 1396 nescimus,
494 1333 600 1390 tamen
622 1345 665 1388 cx
686 1326 826 1407 pluribus
845 1327 934 1408 locis,
953 1326 1005 1408 qui
1016 1324 1059 1390 ad
1069 1324 1299 1389 similitudinem

202 1431 340 1515 catalogi
360 1434 505 1515 propius,
528 1453 622 1518 quam
644 1435 759 1516 plenae
785 1433 1007 1516 descriptionis
1029 1432 1195 1510 accedunt,
1217 1450 1298 1496 con·

200 1540 298 1602 licere
320 1559 504 1623 possumus,
526 1565 598 1608 eum
621 1563 748 1625 quoque
770 1562 822 1606 res
846 1543 960 1625 magis,
982 1560 1074 1625 quam
1089 1541 1297 1622 compositio-

200 1665 273 1709 nem
295 1658 328 1710 et
350 1648 519 1712 dictionem
541 1651 735 1730 respexisse.
789 1647 957 1727 Quaeres
983 1657 1113 1730 praeter
1143 1648 1300 1731 epitomas

199 1757 310 1819 nescio
332 1777 372 1820 en
396 1776 495 1822 causa
525 1759 618 1820 luerit
645 1758 840 1842 principalia,
870 1775 928 1821 cur
964 1759 1192 1841 Megasthcnis
1226 1761 1297 1824 libri

201 1865 316 1948 perditi
336 1867 407 1929 sint.

283 1977 440 2060 Singulas
462 1979 688 2060 Megasthenis
709 1981 905 2042 narrationes
926 1980 956 2042 lr.
978 1981 998 2044 l.
1020 1979 1199 2045 summatim
1220 1985 1297 2042 tan·
1391 2043 1392 2048 ,

198 2091 265 2148 tum
285 2101 471 2149 enumerare
492 2106 665 2169 possumus
687 2099 720 2150 et
740 2089 782 2152 ad
808 2090 892 2154 hunc
913 2091 1016 2154 solum
1039 2090 1143 2171 tinem,
1176 2099 1212 2154 ut
1231 2107 1295 2152 uno
1391 2091 1392 2108 ¹

198 2192 231 2254 in
252 2203 427 2278 conspectu
452 2213 563 2258 orrrnes
582 2196 767 2264 videanturt
794 2198 990 2281 singularum
1018 2200 1154 2264 amatium
1188 2197 1294 2282 expli-

196 2303 334 2365 cutinei
369 2312 565 2385 reservetur,
595 2306 647 2386 qui
676 2305 759 2368 forte
790 2307 1015 2390 Megasthene
1043 2307 1190 2391 reliquias
1218 2325 1292 2372 cum

196 2410 429 2472 commentariis
453 2410 595 2473 editurus
616 2413 666 2474 sit.
706 2413 818 2494 Itaque
839 2414 871 2476 id
898 2417 1000 2478 solum
1035 2417 1129 2498 pardo
1160 2414 1288 2497 longius

195 2538 393 2602 exponemus
417 2528 449 2583 at
471 2540 543 2584 oum
564 2526 745 2586 narratione
766 2533 940 2589 ceterorum
970 2523 1168 2592 Graecorum
1195 2543 1288 2588 com-

193 2628 389 2711 parabimus,
412 2629 496 2712 quod
520 2651 601 2714 opus
624 2633 695 2716 erit,
718 2652 779 2716 quo
799 2634 1021 2718 Megasthenis
1042 2633 1137 2700 fidam
1158 2645 1192 2700 et
1211 2655 1290 2718 pre·

193 2737 270 2801 tium
293 2748 383 2801 recta
404 2741 527 2803 ratione
547 2744 721 2808 metiamur.

280 2843 517 2930 Geogrephiam
543 2848 652 2912 Indiae
670 2851 810 2914 scribere
831 2854 937 2937 coepit
958 2855 1073 2922 linibus
1094 2867 1184 2920 recte
1205 2875 1289 2922 enu-

190 2953 377 3028 meratis¹⁸).
418 2953 541 3017 Deinde
562 2956 674 3018 transit
692 2957 734 3019 ad
761 2961 1009 3043 magnitudinem
1030 2965 1138 3030 Indiae
1159 2963 1287 3030 deseri·
1392 2949 1393 2966 ¹

189 3059 338 3144 bendum,
361 3061 402 3125 de
423 3077 484 3144 qua
507 3061 626 3144 primus
647 3067 730 3128 inter
751 3085 863 3132 omnes
887 3067 1034 3136 Graecus
1060 3077 1181 3138 rectius
1202 3073 1286 3138 iodi-

191 3170 340 3250 carita),
362 3189 464 3254 neque
492 3190 563 3234 eam
594 3182 709 3253 postea
738 3175 832 3262 ullos,
862 3182 893 3242 si
921 3181 1103 3244 universum
1140 3179 1312 3264 spectas,'

190 3277 372 3338 accuratius
393 3277 595 3360 definivitw).
640 3281 723 3343 Item
741 3285 861 3364 primus
883 3293 916 3348 ct
941 3285 1116 3350 llaimacho
1145 3297 1285 3369 excepto

188 3379 437 3397 Μ

187 3415 243 3481 ts)
260 3417 337 3468 Diod.
355 3420 389 3469 ll.
408 3423 454 3486 ao,
472 3424 535 3474 Arc.
552 3438 610 3487 exp.
628 3423 707 3476 Alex.
724 3427 759 3477 V.
776 3427 802 3481 6.
821 3425 847 3478 4.

196 3509 246 3570 aa)
262 3511 418 3561 Herodotus
435 3513 482 3564 111.
501 3513 546 3564 at.
565 3515 684 3566 dixerat:
707 3511 797 3566 Ἰνδῶν
820 3514 849 3566 δὲ
869 3518 965 3582 πλῆθος
985 3519 1069 3587 πολλῷ
1093 3519 1214 3574 πλεῖστόν
1230 3521 1283 3574 ἔστι

251 3596 356 3651 πάντων
373 3603 423 3652 τῶν
440 3597 508 3667 ἡμεῖς
525 3601 601 3668 ἴδμεν
616 3601 766 3673 ἀνθρώπων,
784 3606 900 3673 caelas,
917 3609 1020 3662 Indiam
1032 3613 1215 3678 magnitudine
1232 3630 1280 3668 re-

250 3694 339 3760 liquae
355 3695 438 3747 Asiae
454 3708 512 3747 uon
530 3698 663 3762 disparem
680 3715 747 3752 esse.
765 3703 856 3766 Neque
871 3704 959 3756 multo
977 3708 1110 3760 certiores
1127 3711 1194 3762 tacti
1214 3715 1280 3762 sunt

248 3789 281 3838 de
299 3789 400 3840 ambitu
417 3787 507 3839 Indiae
526 3791 675 3844 Alexandri
692 3794 819 3845 comites:
835 3800 931 3848 narrat
948 3801 1016 3851 enirn
1034 3801 1214 3870 Onesicritus,
1229 3806 1279 3854 ln·

246 3875 315 3930 diam
332 3894 393 3932 esse
410 3883 518 3934 tertiam
535 3889 639 3947 partem
657 3888 732 3937 orbis
752 3891 892 3954 terrarum,
910 3892 1059 3959 Nearchus,
1076 3895 1129 3946 iter
1143 3909 1192 3959 per
1201 3907 1277 3947 cam·
1304 3911 1309 3921 ·

245 3984 308 4034 pum
326 3987 386 4025 esse
405 3982 523 4041 quatuor
540 3981 678 4032 mensium.
696 3985 789 4036 strab.
808 3987 873 4051 689,
890 3988 955 4037 Arr.
969 3987 1025 4041 ind.
1043 3991 1070 4042 3.
1088 3990 1167 4042 5-6.

181 4057 235 4127 10)
252 4063 416 4118 accuratius
432 4071 510 4121 solus
527 4073 668 4124 Patrocles
684 4077 853 4142 Megasthenl
876 4078 997 4141 mquam
1021 4085 1127 4149 namet,
1151 4096 1200 4146 per
1215 4085 1276 4138 xv.

245 4154 538 4215 monasteterium
555 4165 589 4216 ab
607 4166 746 4220 occidente
762 4173 798 4222 ad
820 4172 950 4225 orientem
975 4177 1090 4228 extendi.
1112 4177 1204 4230 meaa·
1224 4181 1273 4244 os,

247 4249 295 4315 aa,
313 4249 378 4303 680.
