2822 4786
556 307 762 370 -21...

98 511 198 572 Paulo
221 505 339 571 certius
363 520 457 585 quarn
480 499 521 563 de
543 517 639 580 anno,
661 496 701 559 de
724 503 867 576 tempore
889 491 962 556 anni
983 488 1043 554 dici
1064 494 1190 570 potestr

97 621 171 680 niun
193 633 235 677 ex
257 633 308 695 eo,
328 609 414 694 qnod
436 608 476 671 de
498 605 663 670 latitudine
676 601 802 686 Gangis
824 608 857 664 et
873 589 996 688 an'ae
1018 596 1192 677 retulirw),

98 725 299 807 intelligimus
322 743 394 786 eum
414 721 525 803 pluvio
548 727 691 800 tempore
712 702 936 797 Ptt'altpunae
956 713 1068 779 luisse.
1118 711 1192 792 Qua

97 832 225 914 quidem
246 851 282 893 re
302 849 365 892 non
384 827 548 910 probatur,
571 845 634 888 non
657 822 775 888 diutius
787 825 829 886 ibi
844 841 916 886 eum
929 827 1085 883 moratum
1101 834 1192 883 esset

96 943 160 1003 iano
183 947 292 1003 exstat
312 954 425 1019 causa,
447 936 523 998 licet
543 938 588 998 eit
608 936 725 1015 levior,
747 933 788 996 ob
809 950 903 1015 quarn
925 938 1019 1011 putes
1041 947 1114 991 eum
1127 925 1195 989 Pt-

80 1035 395 1129 ‘t'aliputraeluisse
415 1047 477 1108 iarn
499 1044 588 1107 veris
611 1052 762 1124 tempore.
806 1041 984 1122 Descripsit
1005 1044 1088 1104 enirn
1110 1055 1193 1101 con-

96 1163 230 1218 uentum
253 1154 572 1234 Brahrnanarurnss),
604 1150 656 1233 qui
684 1151 755 1213 anni
783 1147 882 1212 ludici
909 1149 961 1212 die
986 1149 1087 1231 primo
1098 1140 1139 1224 '(i.
1165 1166 1192 1215 e.

97 1282 208 1326 mense
229 1249 351 1325 K'aitra
372 1261 426 1324 vel
447 1260 584 1340 Martio)
605 1258 825 1341 convenirent,
849 1265 882 1319 ut
896 1257 936 1320 de
951 1258 1023 1320 anni
1039 1260 1193 1341 tempori·

97 1371 159 1432 bus
179 1370 442 1450 vaticinarentnr,
464 1367 483 1427 i.
506 1387 534 1428 a.
557 1373 590 1428 ut
611 1363 825 1428 calendarium
847 1366 1084 1430 constituerent.

180 1477 289 1538 Minus
311 1485 362 1538 est
384 1475 524 1557 dubium,
548 1491 628 1557 quas
649 1473 757 1536 Indiae
776 1482 884 1555 portes
904 1473 1029 1537 viderit.
1072 1475 1114 1538 llt
1135 1493 1192 1558 por

96 1599 175 1646 sese
197 1590 231 1644 et
254 1583 327 1664 quia
348 1582 551 1664 accuratius,
578 1599 672 1666 quarn
695 1579 780 1644 ullas
801 1581 978 1646 Alexandri
1008 1601 1117 1646 comes
1138 1583 1193 1648 vel

99 1690 179 1752 alius
202 1687 366 1770 Graecus,
394 1687 547 1752 Gabullae
575 1698 609 1753 et
630 1689 887 1772 pentapotamiae
907 1691 1036 1754 llnmina
1058 1709 1193 1754 enume-

98 1799 245 1875 ravitffi),
266 1805 394 1862 constat
414 1817 472 1878 per
494 1797 554 1859 bas
568 1805 670 1859 terras
684 1813 756 1859 eum
770 1798 949 1879 profectum
962 1817 1046 1862 esse.
1068 1799 1193 1862 Deinde

101 1905 222 1968 scimus
243 1924 315 1968 eum
339 1906 460 1987 regiam
480 1905 567 1967 viam
594 1910 798 1978 secutum¹⁶l
816 1925 919 1990 usque
947 1908 988 1970 od
1015 1895 1193 1992 l‘ait'alipu-

101 2021 182 2074 tram
202 2012 401 2092 pervenisse.
450 2011 567 2094 Neque
590 2020 697 2074 tannen
723 2009 851 2077 videtur
870 2022 998 2095 praeter
1018 2016 1078 2080 lras
1100 2017 1193 2080 ullam

101 2119 209 2182 lndiae
231 2127 353 2199 partem
376 2123 599 2200 conspexisse3
622 2128 656 2183 et
675 2120 744 2202 ipse
765 2122 935 2186 conlitetur
955 2125 1077 2200 (Strab.
1092 2127 1191 2208 080),

100 2244 179 2290 sese
198 2227 377 2314 inferiorern
397 2235 518 2309 partem
539 2227 742 2314 Gangeticae
764 2237 869 2293 terrae
890 2231 999 2296 auditu
1021 2241 1141 2298 tanturn
1163 2244 1194 2298 et

100 2335 189 2399 fama
218 2339 357 2401 novisse.
407 2338 515 2423 Vulgo
545 2357 616 2402 eum
645 2340 810 2421 opinantur
832 2340 926 2404 etiam
948 2341 979 2404 in
1001 2343 1115 2406 castris
1137 2345 1194 2406 ln-

100 2447 182 2511 diols
202 2459 356 2514 moratum
378 2467 471 2533 esse,
497 2452 529 2513 in
550 2449 611 2513 alia
632 2449 726 2532 igitur
746 2451 878 2534 regione
893 2471 956 2513 non
977 2453 1112 2534 amplius
1134 2470 1194 2515 co·

99 2558 206 2641 gnitat
241 2575 323 2639 quae
349 2565 454 2620 tamen
487 2557 590 2637 opinio
621 2557 652 2618 in
681 2555 857 2638 depravata
891 2557 1025 2640 quadam
1059 2561 1195 2624 lectione

98 2667 206 2750 posita
226 2675 287 2750 est,
309 2685 404 2748 qulam
425 2653 580 2730 editiones
603 2667 771 2729 Strabonis
786 2667 949 2748 praebent
992 2670 1028 2729 ln
1050 2667 1193 2732 omnibus

99 2772 185 2837 enim
208 2771 374 2835 codicibus
393 2773 561 2837 Strabonis
582 2779 627 2855 (p.
649 2775 738 2846 709.)
760 2774 877 2859 legitnr
898 2775 974 2838 hoc:
998 2775 1028 2837 Γ
1026 2757 1194 2856 ένομένους

100 2873 131 2944 δ’
148 2869 203 2946 οὖν
224 2877 257 2946 έν
276 2876 325 2964 τῷ
334 2869 575 2967 Σανδροκόττου
591 2876 805 2967 στρατοπέδῳ
819 2877 919 2967 φησὶν
933 2871 951 2944 ὁ
966 2881 1197 2970 Μεγασθένης,

99 2981 336 3080 τετταράκοντα
348 2981 514 3078 μυριάδων
526 2980 678 3078 πλήθους
691 2985 873 3077 ἱδρυμένου,
895 2989 1057 3078 μηδεμίαν
1071 2984 1196 3079 ἡμέραν

101 3098 185 3165 ἰδεῖν
211 3091 406 3187 ἅνηνεγμένα
430 3095 599 3180 κλέμματα
624 3087 783 3162 πλειόνων
809 3091 830 3185 ἢ
851 3096 1025 3163 διακοσίων
1043 3097 1215 3186 δραχμῶν·

99 3201 187 3290 ἄξια.
230 3212 307 3276 Sola
329 3211 490 3291 discrepat
510 3209 618 3271 versio
641 3206 772 3271 Guarini
792 3216 825 3270 et
840 3205 987 3290 Gregorii
1007 3207 1056 3270 his
1070 3211 1194 3277 vorbis:

101 3313 359 3402 „Megasthenes
373 3318 481 3400 relert,
499 3333 591 3399 quum
608 3317 639 3376 in
654 3316 861 3378 Sandroootti
875 3329 980 3377 castra
994 3319 1139 3381 venisset
1148 3353 1167 3366 -
1177 3353 1196 3367 -

102 3424 263 3508 vidisse“,
287 3445 329 3488 ex
350 3427 463 3508 quibus
479 3434 622 3509 apparot,
644 3425 847 3506 interpretem
861 3425 1015 3504 scriptum
1031 3427 1195 3490 invenisse

101 3521 280 3618 γενόμενος.
322 3534 389 3597 Sed
409 3552 505 3616 quum
527 3533 635 3596 versio
658 3533 710 3595 illa
730 3531 787 3595 vix
809 3534 861 3594 uni
884 3535 1074 3598 auctoritate
1094 3535 1195 3598 codici

102 3646 241 3729 parsit,
270 3652 303 3706 et
324 3661 418 3726 quum
440 3662 508 3705 vox
529 3635 718 3723 γενομένους
738 3641 768 3701 in
789 3659 902 3703 vocem
926 3629 1094 3724 γενόμενος
1114 3643 1220 3703 laci-·

101 3852 152 3919 10)
171 3857 233 3904 Λιτ.
250 3853 308 3906 lnd.
325 3851 354 3903 4.
371 3851 400 3915 7,
418 3850 464 3902 10.
480 3852 507 3911 t,
526 3852 617 3900 strab.
635 3851 702 3916 aot,
719 3849 788 3900 Plln.
806 3851 831 3898 b.
849 3861 875 3899 n.
894 3849 939 3899 vl.
958 3847 1002 3896 22.
1022 3846 1048 3895 1.

104 3947 155 4006 14)
173 3943 280 4015 Μεγάλη
296 3939 415 4012 ένγομένη
431 3937 535 3998 σύνοδος
554 3943 603 3990 τῶν
618 3937 762 4006 φιλοσόφων.
796 3941 888 3992 strab.
909 3937 974 4002 703,
993 3939 1056 3988 ΑΠ’.
1074 3938 1131 3988 1110.
1152 3939 1196 3991 11.

168 4041 187 4092 4
206 4066 236 4082 -
254 4041 282 4106 0,
299 4039 376 4089 Diod.
395 4038 428 4087 ll.
444 4036 491 4088 40.
801 4055 805 4062 ·
1001 4049 1002 4052 ’

103 4129 154 4196 10)
173 4128 501 4180 Arr.lnd.4.8-12.

105 4220 158 4287 10)
171 4222 218 4271 Cf.
235 4221 328 4271 strab.
347 4221 412 4268 080.
430 4223 457 4268 et
474 4219 541 4268 Ptin.
560 4219 585 4267 b.
604 4230 628 4266 n.
648 4217 697 4266 Vl.
714 4213 758 4264 21.
783 4216 810 4277 8,
830 4226 905 4275 quern
923 4215 1012 4266 locunr
1031 4215 1198 4281 Megastheni

169 4315 249 4365 ruodo
266 4311 446 4364 attribuimus.
